<?xml version="1.0" encoding="UTF-8" ?>
<collection>
    <record>
        <leader>02288cam a2200625 4500</leader>
        <controlfield tag="001">020023632</controlfield>
        <controlfield tag="004">FAAAA1548001</controlfield>
        <controlfield tag="005">20110929113837.0</controlfield>
        <controlfield tag="008">690408s1969 nyu b 001 0 eng </controlfield>
        <datafield tag="010" ind1=" " ind2=" ">
            <subfield code="a"> 69014476 </subfield>
        </datafield>
        <datafield tag="035" ind1=" " ind2=" ">
            <subfield code="a">(OCoLC)00005060</subfield>
        </datafield>
        <datafield tag="040" ind1=" " ind2=" ">
            <subfield code="a">DLC</subfield>
            <subfield code="c">DLC</subfield>
            <subfield code="d">FDA</subfield>
        </datafield>
        <datafield tag="043" ind1=" " ind2=" ">
            <subfield code="a">e-uk---</subfield>
            <subfield code="a">e-fr---</subfield>
        </datafield>
        <datafield tag="050" ind1="0" ind2=" ">
            <subfield code="a">HD8395</subfield>
            <subfield code="b">.W48</subfield>
        </datafield>
        <datafield tag="082" ind1="0" ind2=" ">
            <subfield code="a">331.7/94/0942</subfield>
        </datafield>
        <datafield tag="090" ind1=" " ind2=" ">
            <subfield code="a">HD8395</subfield>
            <subfield code="b">.W48</subfield>
        </datafield>
        <datafield tag="100" ind1="1" ind2=" ">
            <subfield code="a">Williams, Gwyn A.</subfield>
        </datafield>
        <datafield tag="245" ind1="1" ind2="0">
            <subfield code="a">Artisans and sans-culottes;</subfield>
            <subfield code="b">popular movements in France and Britain during the French
                Revolution,</subfield>
            <subfield code="c">by Gwyn A. Williams.</subfield>
        </datafield>
        <datafield tag="260" ind1=" " ind2=" ">
            <subfield code="a">New York,</subfield>
            <subfield code="b">Norton</subfield>
            <subfield code="c">[1969]</subfield>
        </datafield>
        <datafield tag="300" ind1=" " ind2=" ">
            <subfield code="a">vi, 128 p.</subfield>
            <subfield code="c">21 cm.</subfield>
        </datafield>
        <datafield tag="490" ind1="0" ind2=" ">
            <subfield code="a">Foundations of modern history</subfield>
            <subfield code="5">FMFIU</subfield>
            <subfield code="5">FBoU</subfield>
            <subfield code="5">FPeU</subfield>
            <subfield code="5">FTaSU</subfield>
            <subfield code="5">FTaFA</subfield>
            <subfield code="5">FSsNC</subfield>
        </datafield>
        <datafield tag="504" ind1=" " ind2=" ">
            <subfield code="a">Includes bibliographical references and index.</subfield>
        </datafield>
        <datafield tag="650" ind1=" " ind2="0">
            <subfield code="a">Artisans</subfield>
            <subfield code="z">Great Britain</subfield>
            <subfield code="x">Political activity</subfield>
            <subfield code="x">History.</subfield>
        </datafield>
        <datafield tag="650" ind1=" " ind2="0">
            <subfield code="a">Artisans</subfield>
            <subfield code="z">France</subfield>
            <subfield code="x">Political activity</subfield>
            <subfield code="x">History.</subfield>
        </datafield>
        <datafield tag="650" ind1=" " ind2="0">
            <subfield code="a">Sansculottes.</subfield>
        </datafield>
        <datafield tag="650" ind1=" " ind2="0">
            <subfield code="a">Artisans</subfield>
            <subfield code="z">Great Britain</subfield>
            <subfield code="x">History.</subfield>
        </datafield>
        <datafield tag="651" ind1=" " ind2="0">
            <subfield code="a">France</subfield>
            <subfield code="x">History</subfield>
            <subfield code="y">Revolution, 1793-1795</subfield>
        </datafield>
        <datafield tag="651" ind1=" " ind2="0">
            <subfield code="a">France</subfield>
            <subfield code="x">Politics and government</subfield>
            <subfield code="y">1789-1815.</subfield>
        </datafield>
        <datafield tag="651" ind1=" " ind2="0">
            <subfield code="a">Great Britain</subfield>
            <subfield code="x">Politics and government</subfield>
            <subfield code="x">1789-1820.</subfield>
        </datafield>
        <datafield tag="651" ind1=" " ind2="0">
            <subfield code="a">France</subfield>
            <subfield code="x">History</subfield>
            <subfield code="y">Revolution, 1789-1799.</subfield>
        </datafield>
        <datafield tag="651" ind1=" " ind2="0">
            <subfield code="a">Great Britain</subfield>
            <subfield code="x">History</subfield>
            <subfield code="y">1789-1820.</subfield>
        </datafield>
        <datafield tag="830" ind1=" " ind2="0">
            <subfield code="a">Foundations of modern history.</subfield>
        </datafield>
        <datafield tag="852" ind1="0" ind2=" ">
            <subfield code="a">FBoU</subfield>
            <subfield code="b">FABOC</subfield>
            <subfield code="c">GEN</subfield>
            <subfield code="h">HD8395</subfield>
            <subfield code="i">.W48</subfield>
        </datafield>
        <datafield tag="852" ind1="0" ind2=" ">
            <subfield code="a">FTaSU</subfield>
            <subfield code="b">FSULC</subfield>
            <subfield code="c">GEN</subfield>
            <subfield code="h">HD8395</subfield>
            <subfield code="i">.W48</subfield>
        </datafield>
        <datafield tag="852" ind1="0" ind2=" ">
            <subfield code="a">FSsNC</subfield>
            <subfield code="b">NCJBC</subfield>
            <subfield code="c">CIRC</subfield>
            <subfield code="h">HD8395</subfield>
            <subfield code="i">.W48</subfield>
        </datafield>
        <datafield tag="852" ind1="0" ind2=" ">
            <subfield code="a">FPeU</subfield>
            <subfield code="b">WFPAC</subfield>
            <subfield code="c">PGEN</subfield>
            <subfield code="h">HD8395</subfield>
            <subfield code="i">.W48</subfield>
        </datafield>
        <datafield tag="852" ind1="0" ind2=" ">
            <subfield code="a">FTaFA</subfield>
            <subfield code="b">AMCOL</subfield>
            <subfield code="c">COGC</subfield>
            <subfield code="h">HD8395</subfield>
            <subfield code="i">.W48</subfield>
        </datafield>
        <datafield tag="852" ind1="0" ind2=" ">
            <subfield code="a">FMFIU</subfield>
            <subfield code="b">FIBBL</subfield>
            <subfield code="c">GEN</subfield>
            <subfield code="h">HD8395</subfield>
            <subfield code="i">.W48</subfield>
        </datafield>
        <datafield tag="852" ind1="0" ind2=" ">
            <subfield code="a">FBoU</subfield>
            <subfield code="b">FABOC</subfield>
            <subfield code="c">GEN</subfield>
            <subfield code="h">HD8395</subfield>
            <subfield code="i">.W48</subfield>
        </datafield>
        <datafield tag="852" ind1="0" ind2=" ">
            <subfield code="a">FTaSU</subfield>
            <subfield code="b">FSULC</subfield>
            <subfield code="c">GEN</subfield>
            <subfield code="h">HD8395</subfield>
            <subfield code="i">.W48</subfield>
        </datafield>
        <datafield tag="852" ind1="0" ind2=" ">
            <subfield code="a">FSsNC</subfield>
            <subfield code="b">NCJBC</subfield>
            <subfield code="c">CIRC</subfield>
            <subfield code="h">HD8395</subfield>
            <subfield code="i">.W48</subfield>
        </datafield>
        <datafield tag="852" ind1="0" ind2=" ">
            <subfield code="a">FPeU</subfield>
            <subfield code="b">WFPAC</subfield>
            <subfield code="c">PGEN</subfield>
            <subfield code="h">HD8395</subfield>
            <subfield code="i">.W48</subfield>
        </datafield>
        <datafield tag="852" ind1="0" ind2=" ">
            <subfield code="a">FTaFA</subfield>
            <subfield code="b">AMCOL</subfield>
            <subfield code="c">COGC</subfield>
            <subfield code="h">HD8395</subfield>
            <subfield code="i">.W48</subfield>
        </datafield>
        <datafield tag="852" ind1="0" ind2=" ">
            <subfield code="a">FMFIU</subfield>
            <subfield code="b">FIBBL</subfield>
            <subfield code="c">GEN</subfield>
            <subfield code="h">HD8395</subfield>
            <subfield code="i">.W48</subfield>
        </datafield>
        <datafield tag="951" ind1=" " ind2=" ">
            <subfield code="1">01</subfield>
            <subfield code="a">AMU01:000001311;</subfield>
            <subfield code="5">FTaFA</subfield>
        </datafield>
        <datafield tag="951" ind1=" " ind2=" ">
            <subfield code="1">02</subfield>
            <subfield code="a">FAU01:000001464;</subfield>
            <subfield code="5">FBoU</subfield>
        </datafield>
        <datafield tag="951" ind1=" " ind2=" ">
            <subfield code="1">04</subfield>
            <subfield code="a">FIU01:000000944;</subfield>
            <subfield code="5">FMFIU</subfield>
        </datafield>
        <datafield tag="951" ind1=" " ind2=" ">
            <subfield code="1">05</subfield>
            <subfield code="a">FSU01:000001688;</subfield>
            <subfield code="5">FTaSU</subfield>
        </datafield>
        <datafield tag="951" ind1=" " ind2=" ">
            <subfield code="1">06</subfield>
            <subfield code="a">NCU01:000203184;</subfield>
            <subfield code="5">FSsNC</subfield>
        </datafield>
        <datafield tag="951" ind1=" " ind2=" ">
            <subfield code="1">11</subfield>
            <subfield code="a">WFU01:000001768;</subfield>
            <subfield code="5">FPeU</subfield>
        </datafield>
        <datafield tag="999" ind1=" " ind2=" ">
            <subfield code="a">AAA1548001</subfield>
        </datafield>
        <datafield tag="999" ind1=" " ind2=" ">
            <subfield code="a">AAA1744001</subfield>
        </datafield>
        <datafield tag="999" ind1=" " ind2=" ">
            <subfield code="a">AAA1800001</subfield>
        </datafield>
        <datafield tag="999" ind1=" " ind2=" ">
            <subfield code="a">AAA1323001</subfield>
        </datafield>
        <datafield tag="999" ind1=" " ind2=" ">
            <subfield code="a">AAA1027001</subfield>
        </datafield>
    </record>