
    <record>
        <leader>00904cam a2200253I 4500</leader>
        <controlfield tag="001">020130388</controlfield>
        <controlfield tag="004">FSAJG1612001</controlfield>
        <controlfield tag="005">20120622210200.0</controlfield>
        <controlfield tag="008">811006s1896 enkc 000|0 eng </controlfield>
        <datafield tag="010" ind1=" " ind2=" ">
            <subfield code="a"> 04010353 </subfield>
        </datafield>
        <datafield tag="035" ind1=" " ind2=" ">
            <subfield code="a">(OCoLC)07821472</subfield>
        </datafield>
        <datafield tag="040" ind1=" " ind2=" ">
            <subfield code="a">DLC</subfield>
            <subfield code="c">TMN</subfield>
            <subfield code="d">OCL</subfield>
        </datafield>
        <datafield tag="050" ind1="0" ind2=" ">
            <subfield code="a">DC146</subfield>
            <subfield code="b">.T42 1896</subfield>
        </datafield>
        <datafield tag="092" ind1=" " ind2=" ">
            <subfield code="a">92</subfield>
            <subfield code="b">T429</subfield>
        </datafield>
        <datafield tag="100" ind1="1" ind2=" ">
            <subfield code="a">Thiébault, Paul-Charles-François,</subfield>
            <subfield code="d">1769-1846.</subfield>
        </datafield>
        <datafield tag="245" ind1="0" ind2="4">
            <subfield code="a">The memoirs of Baron Thiébault (late lieutenant-general in the Fench
                army)</subfield>
            <subfield code="c">Translated and condensed by Arthur John Butler.</subfield>
        </datafield>
        <datafield tag="260" ind1=" " ind2=" ">
            <subfield code="a">London,</subfield>
            <subfield code="b">Smith, Elder &amp; co.,</subfield>
            <subfield code="c">1896.</subfield>
        </datafield>
        <datafield tag="300" ind1=" " ind2=" ">
            <subfield code="a">2 v. :</subfield>
            <subfield code="b">fronts. (ports.) plans (part fold.) ;</subfield>
            <subfield code="c">23 cm.</subfield>
        </datafield>
        <datafield tag="651" ind1=" " ind2="0">
            <subfield code="a">France</subfield>
            <subfield code="x">History</subfield>
            <subfield code="y">1789-1815.</subfield>
        </datafield>
        <datafield tag="700" ind1="1" ind2=" ">
            <subfield code="a">Butler, Arthur John,</subfield>
            <subfield code="d">1844-1910,</subfield>
            <subfield code="e">tr.</subfield>
        </datafield>
        <datafield tag="852" ind1="0" ind2=" ">
            <subfield code="a">FTaSU</subfield>
            <subfield code="b">FSUSP</subfield>
            <subfield code="c">NAP</subfield>
            <subfield code="h">DC146</subfield>
            <subfield code="i">.T42 1896</subfield>
        </datafield>
        <datafield tag="852" ind1="0" ind2=" ">
            <subfield code="a">FTaSU</subfield>
            <subfield code="b">FSUSP</subfield>
            <subfield code="c">NAP</subfield>
            <subfield code="h">DC146</subfield>
            <subfield code="i">.T42 1896</subfield>
        </datafield>
        <datafield tag="951" ind1=" " ind2=" ">
            <subfield code="1">05</subfield>
            <subfield code="a">FSU01:001502772;</subfield>
            <subfield code="5">FTaSU</subfield>
        </datafield>
        <datafield tag="999" ind1=" " ind2=" ">
            <subfield code="a">AJG1612001</subfield>
        </datafield>
    </record>