<!--
    <record>
        <leader>01975nam a2200517I 4500</leader>
        <controlfield tag="001">020230398</controlfield>
        <controlfield tag="004">AMABG4651001</controlfield>
        <controlfield tag="005">20101110123128.0</controlfield>
        <controlfield tag="007">hd|afa014bacu</controlfield>
        <controlfield tag="008">870604r19751828ctu a 000|0beng d</controlfield>
        <datafield tag="035" ind1=" " ind2=" ">
            <subfield code="a">(OCoLC)15806068</subfield>
        </datafield>
        <datafield tag="040" ind1=" " ind2=" ">
            <subfield code="a">CDS</subfield>
            <subfield code="c">CDS</subfield>
            <subfield code="d">m/c</subfield>
        </datafield>
        <datafield tag="090" ind1=" " ind2=" ">
            <subfield code="a">HQ1154</subfield>
            <subfield code="b">.H57</subfield>
        </datafield>
        <datafield tag="090" ind1=" " ind2=" ">
            <subfield code="a">HQ1121</subfield>
            <subfield code="b">.R47</subfield>
        </datafield>
        <datafield tag="090" ind1=" " ind2=" ">
            <subfield code="a">HQ1121</subfield>
            <subfield code="b">.H581</subfield>
        </datafield>
        <datafield tag="099" ind1=" " ind2=" ">
            <subfield code="a">Film</subfield>
            <subfield code="a">4068</subfield>
        </datafield>
        <datafield tag="099" ind1=" " ind2=" ">
            <subfield code="a">S66</subfield>
        </datafield>
        <datafield tag="100" ind1="1" ind2=" ">
            <subfield code="a">Williams, J. B.</subfield>
            <subfield code="q">(John Bickerton),</subfield>
            <subfield code="d">1792-1855.</subfield>
        </datafield>
        <datafield tag="245" ind1="1" ind2="0">
            <subfield code="a">Memoirs of the life and character of Mrs. Sarah Savage ...</subfield>
            <subfield code="b">To which are added memoirs of her sister, Mrs. Hulton.</subfield>
            <subfield code="h">Microform</subfield>
        </datafield>
        <datafield tag="250" ind1=" " ind2=" ">
            <subfield code="a">The fourth edition, corrected and enlarged.</subfield>
        </datafield>
        <datafield tag="260" ind1=" " ind2=" ">
            <subfield code="c">1828.</subfield>
        </datafield>
        <datafield tag="300" ind1=" " ind2=" ">
            <subfield code="a">xxiv, 344 pages.</subfield>
        </datafield>
        <datafield tag="533" ind1=" " ind2=" ">
            <subfield code="a">Microfilm.</subfield>
            <subfield code="b">New Haven, Connecticut :</subfield>
            <subfield code="c">Research Publications,</subfield>
            <subfield code="d">1975.</subfield>
            <subfield code="e">1 microfilm reel ; 35 mm.</subfield>
            <subfield code="f">(History of women, Reel 150, no. 953).</subfield>
            <subfield code="5">FTaSU</subfield>
        </datafield>
        <datafield tag="533" ind1=" " ind2=" ">
            <subfield code="a">Microfilm.</subfield>
            <subfield code="b">New Haven, Conn.,</subfield>
            <subfield code="c">Research Publications,</subfield>
            <subfield code="d">1975.</subfield>
            <subfield code="e">1 reel. 35 mm.</subfield>
            <subfield code="f">(History of women, Reel 150, no. 953)</subfield>
            <subfield code="5">FTS</subfield>
            <subfield code="5">FTaFA</subfield>
            <subfield code="5">FBoU</subfield>
            <subfield code="5">FU</subfield>
        </datafield>
        <datafield tag="600" ind1="1" ind2="0">
            <subfield code="a">Savage, Sarah,</subfield>
            <subfield code="d">1664-1752.</subfield>
        </datafield>
        <datafield tag="600" ind1="1" ind2="0">
            <subfield code="a">Savage, Sarah Henry,</subfield>
            <subfield code="d">1664-1752.</subfield>
        </datafield>
        <datafield tag="852" ind1="0" ind2=" ">
            <subfield code="a">FTaFA</subfield>
            <subfield code="b">AMCOL</subfield>
            <subfield code="c">COMC</subfield>
            <subfield code="h">HQ1154</subfield>
            <subfield code="i">.H57</subfield>
        </datafield>
        <datafield tag="852" ind1="0" ind2=" ">
            <subfield code="a">FBoU</subfield>
            <subfield code="b">FABOC</subfield>
            <subfield code="c">MFILM</subfield>
            <subfield code="h">HQ1121</subfield>
            <subfield code="i">.R47</subfield>
        </datafield>
        <datafield tag="852" ind1="4" ind2=" ">
            <subfield code="a">FTaSU</subfield>
            <subfield code="b">FSULC</subfield>
            <subfield code="c">MICR</subfield>
            <subfield code="h">Film 4068 reel 150, no.953</subfield>
        </datafield>
        <datafield tag="852" ind1="4" ind2=" ">
            <subfield code="a">FTS</subfield>
            <subfield code="b">SFTMP</subfield>
            <subfield code="c">MFL</subfield>
            <subfield code="h">S66</subfield>
        </datafield>
        <datafield tag="852" ind1="0" ind2=" ">
            <subfield code="a">FU</subfield>
            <subfield code="b">UFSWE</subfield>
            <subfield code="c">MFM</subfield>
            <subfield code="h">HQ1121</subfield>
            <subfield code="i">.H581 Reel 150, no. 953</subfield>
        </datafield>
        <datafield tag="852" ind1="0" ind2=" ">
            <subfield code="a">FTaFA</subfield>
            <subfield code="b">AMCOL</subfield>
            <subfield code="c">COMC</subfield>
            <subfield code="h">HQ1154</subfield>
            <subfield code="i">.H57</subfield>
        </datafield>
        <datafield tag="852" ind1="0" ind2=" ">
            <subfield code="a">FBoU</subfield>
            <subfield code="b">FABOC</subfield>
            <subfield code="c">MFILM</subfield>
            <subfield code="h">HQ1121</subfield>
            <subfield code="i">.R47</subfield>
        </datafield>
        <datafield tag="852" ind1="4" ind2=" ">
            <subfield code="a">FTaSU</subfield>
            <subfield code="b">FSULC</subfield>
            <subfield code="c">MICR</subfield>
            <subfield code="h">Film 4068 reel 150, no.953</subfield>
        </datafield>
        <datafield tag="852" ind1="4" ind2=" ">
            <subfield code="a">FTS</subfield>
            <subfield code="b">SFTMP</subfield>
            <subfield code="c">MFL</subfield>
            <subfield code="h">S66</subfield>
        </datafield>
        <datafield tag="852" ind1="0" ind2=" ">
            <subfield code="a">FU</subfield>
            <subfield code="b">UFSWE</subfield>
            <subfield code="c">MFM</subfield>
            <subfield code="h">HQ1121</subfield>
            <subfield code="i">.H581 Reel 150, no. 953</subfield>
        </datafield>
        <datafield tag="951" ind1=" " ind2=" ">
            <subfield code="1">01</subfield>
            <subfield code="a">AMU01:000278689;</subfield>
            <subfield code="5">FTaFA</subfield>
        </datafield>
        <datafield tag="951" ind1=" " ind2=" ">
            <subfield code="1">02</subfield>
            <subfield code="a">FAU01:000362657;</subfield>
            <subfield code="5">FBoU</subfield>
        </datafield>
        <datafield tag="951" ind1=" " ind2=" ">
            <subfield code="1">05</subfield>
            <subfield code="a">FSU01:001004731;</subfield>
            <subfield code="5">FTaSU</subfield>
        </datafield>
        <datafield tag="951" ind1=" " ind2=" ">
            <subfield code="1">10</subfield>
            <subfield code="a">SFU01:000739428;</subfield>
            <subfield code="5">FTS</subfield>
        </datafield>
        <datafield tag="951" ind1=" " ind2=" ">
            <subfield code="1">08</subfield>
            <subfield code="a">UFU01:001451803;</subfield>
            <subfield code="5">FU</subfield>
        </datafield>
        <datafield tag="999" ind1=" " ind2=" ">
            <subfield code="a">ABG4651001</subfield>
        </datafield>
        <datafield tag="999" ind1=" " ind2=" ">
            <subfield code="a">ACB2589001</subfield>
        </datafield>
        <datafield tag="999" ind1=" " ind2=" ">
            <subfield code="a">AFJ7772001</subfield>
        </datafield>
        <datafield tag="999" ind1=" " ind2=" ">
            <subfield code="a">AEN4989001</subfield>
        </datafield>
        <datafield tag="999" ind1=" " ind2=" ">
            <subfield code="a">AGW3462001</subfield>
        </datafield>
    </record>