
    <record>
        <leader>03141cam a2200853I 4500</leader>
        <controlfield tag="001">020302837</controlfield>
        <controlfield tag="004">SAADC4575002</controlfield>
        <controlfield tag="005">20151019150700.0</controlfield>
        <controlfield tag="008">720210s1933 nyucf 000|0bengm </controlfield>
        <datafield tag="010" ind1=" " ind2=" ">
            <subfield code="a"> 33008087 </subfield>
        </datafield>
        <datafield tag="019" ind1=" " ind2=" ">
            <subfield code="a">238184</subfield>
        </datafield>
        <datafield tag="035" ind1=" " ind2=" ">
            <subfield code="a">(OCoLC)11676251</subfield>
        </datafield>
        <datafield tag="035" ind1=" " ind2=" ">
            <subfield code="a">(OCoLC)11676251</subfield>
        </datafield>
        <datafield tag="040" ind1=" " ind2=" ">
            <subfield code="a">DLC</subfield>
            <subfield code="c">OUN</subfield>
            <subfield code="d">SER</subfield>
            <subfield code="d">m.c.</subfield>
            <subfield code="d">FHM</subfield>
        </datafield>
        <datafield tag="041" ind1="1" ind2=" ">
            <subfield code="a">engund</subfield>
        </datafield>
        <datafield tag="050" ind1="0" ind2=" ">
            <subfield code="a">DC137.1</subfield>
            <subfield code="b">.Z82</subfield>
        </datafield>
        <datafield tag="050" ind1="0" ind2=" ">
            <subfield code="a">DC137.1</subfield>
            <subfield code="b">.Z82 1933</subfield>
        </datafield>
        <datafield tag="082" ind1="0" ind2=" ">
            <subfield code="a">923.144</subfield>
        </datafield>
        <datafield tag="090" ind1=" " ind2=" ">
            <subfield code="a">DC137.1</subfield>
            <subfield code="b">.Z82</subfield>
        </datafield>
        <datafield tag="090" ind1=" " ind2=" ">
            <subfield code="a">DC137.1</subfield>
            <subfield code="b">.Z9813 1933</subfield>
        </datafield>
        <datafield tag="092" ind1=" " ind2=" ">
            <subfield code="a">944.035</subfield>
            <subfield code="b">M334.Z.Yp</subfield>
        </datafield>
        <datafield tag="099" ind1=" " ind2=" ">
            <subfield code="a">B</subfield>
            <subfield code="a">M334z</subfield>
        </datafield>
        <datafield tag="100" ind1="1" ind2=" ">
            <subfield code="a">Zweig, Stefan,</subfield>
            <subfield code="d">1881-1942.</subfield>
        </datafield>
        <datafield tag="245" ind1="0" ind2="0">
            <subfield code="a">Marie Antoinette,</subfield>
            <subfield code="b">the portrait of an average woman;</subfield>
            <subfield code="c">translated by Eden and Cedar Paul.</subfield>
        </datafield>
        <datafield tag="260" ind1=" " ind2=" ">
            <subfield code="a">New York,</subfield>
            <subfield code="b">The Viking press,</subfield>
            <subfield code="c">1933.</subfield>
        </datafield>
        <datafield tag="300" ind1=" " ind2=" ">
            <subfield code="a">xv, 476 p.</subfield>
            <subfield code="b">front., pl., ports.</subfield>
            <subfield code="c">25 cm.</subfield>
        </datafield>
        <datafield tag="500" ind1=" " ind2=" ">
            <subfield code="a">Includes index.</subfield>
            <subfield code="5">FTaSU</subfield>
        </datafield>
        <datafield tag="583" ind1="1" ind2=" ">
            <subfield code="5">FlGaFAR</subfield>
            <subfield code="a">committed to retain</subfield>
            <subfield code="c">20171120</subfield>
            <subfield code="d">committed to retain permanently</subfield>
            <subfield code="f">FLARE</subfield>
            <subfield code="j">FSTO</subfield>
        </datafield>
        <datafield tag="583" ind1="1" ind2=" ">
            <subfield code="5">FlGaFAR</subfield>
            <subfield code="a">condition reviewed</subfield>
            <subfield code="c">20171120</subfield>
            <subfield code="f">FLARE</subfield>
            <subfield code="j">FSTO</subfield>
        </datafield>
        <datafield tag="600" ind1="1" ind2="0">
            <subfield code="a">Marie Antoinette,</subfield>
            <subfield code="c">Queen, consort of Louis XVI, King of France,</subfield>
            <subfield code="d">1755-1793.</subfield>
        </datafield>
        <datafield tag="650" ind1=" " ind2="0">
            <subfield code="a">Queens</subfield>
            <subfield code="z">France</subfield>
            <subfield code="x">Biography.</subfield>
        </datafield>
        <datafield tag="650" ind1=" " ind2="0">
            <subfield code="a">Women</subfield>
            <subfield code="z">France</subfield>
            <subfield code="x">Biography.</subfield>
        </datafield>
        <datafield tag="700" ind1="1" ind2=" ">
            <subfield code="a">Paul, Cedar.</subfield>
            <subfield code="e">tr.</subfield>
        </datafield>
        <datafield tag="700" ind1="1" ind2=" ">
            <subfield code="a">Paul, Eden,</subfield>
            <subfield code="d">1865-1944</subfield>
            <subfield code="e">translator.</subfield>
        </datafield>
        <datafield tag="700" ind1="1" ind2=" ">
            <subfield code="a">Paul, Cedar,</subfield>
            <subfield code="e">joint tr.</subfield>
        </datafield>
        <datafield tag="700" ind1="1" ind2=" ">
            <subfield code="a">Paul, Eden,</subfield>
            <subfield code="d">1865-1944</subfield>
            <subfield code="e">tr.</subfield>
        </datafield>
        <datafield tag="852" ind1="0" ind2=" ">
            <subfield code="a">FSsNC</subfield>
            <subfield code="b">NCJBC</subfield>
            <subfield code="c">CIRC</subfield>
            <subfield code="h">DC137.1</subfield>
            <subfield code="i">.Z82</subfield>
        </datafield>
        <datafield tag="852" ind1="0" ind2=" ">
            <subfield code="a">FU</subfield>
            <subfield code="b">UFSWE</subfield>
            <subfield code="c">GEN</subfield>
            <subfield code="h">DC137.1</subfield>
            <subfield code="i">.Z82</subfield>
        </datafield>
        <datafield tag="852" ind1="0" ind2=" ">
            <subfield code="a">FOFT</subfield>
            <subfield code="b">CFMGC</subfield>
            <subfield code="c">GC</subfield>
            <subfield code="h">DC137.1</subfield>
            <subfield code="i">.Z82 1933</subfield>
        </datafield>
        <datafield tag="852" ind1="0" ind2=" ">
            <subfield code="a">ffmfgc</subfield>
            <subfield code="b">GCUMN</subfield>
            <subfield code="c">MAIN</subfield>
            <subfield code="h">DC137.1</subfield>
            <subfield code="i">.Z82</subfield>
        </datafield>
        <datafield tag="852" ind1="0" ind2=" ">
            <subfield code="a">FBoU</subfield>
            <subfield code="b">FABOC</subfield>
            <subfield code="c">GEN</subfield>
            <subfield code="h">DC137.1</subfield>
            <subfield code="i">.Z82</subfield>
        </datafield>
        <datafield tag="852" ind1="0" ind2=" ">
            <subfield code="a">FTS</subfield>
            <subfield code="b">SFTMP</subfield>
            <subfield code="c">GEN</subfield>
            <subfield code="h">DC137.1</subfield>
            <subfield code="i">.Z82</subfield>
        </datafield>
        <datafield tag="852" ind1="0" ind2=" ">
            <subfield code="a">FStS</subfield>
            <subfield code="b">SFSTP</subfield>
            <subfield code="c">GEN</subfield>
            <subfield code="h">DC137.1</subfield>
            <subfield code="i">.Z82 1933</subfield>
            <subfield code="x">03/18/89 wr</subfield>
        </datafield>
        <datafield tag="852" ind1="0" ind2=" ">
            <subfield code="a">FTaSU</subfield>
            <subfield code="b">FSRS2</subfield>
            <subfield code="c">GEN</subfield>
            <subfield code="h">DC137.1</subfield>
            <subfield code="i">.Z9813 1933</subfield>
        </datafield>
        <datafield tag="852" ind1=" " ind2=" ">
            <subfield code="a">FlGaFAR</subfield>
            <subfield code="b">FLARE</subfield>
            <subfield code="c">TRAY</subfield>
        </datafield>
        <datafield tag="852" ind1="0" ind2=" ">
            <subfield code="a">FSsNC</subfield>
            <subfield code="b">NCJBC</subfield>
            <subfield code="c">CIRC</subfield>
            <subfield code="h">DC137.1</subfield>
            <subfield code="i">.Z82</subfield>
        </datafield>
        <datafield tag="852" ind1=" " ind2=" ">
            <subfield code="a">FU</subfield>
            <subfield code="b">UFSWE</subfield>
            <subfield code="c">GEN</subfield>
            <subfield code="h">B;M334z</subfield>
            <subfield code="x">wd 3/40</subfield>
        </datafield>
        <datafield tag="852" ind1=" " ind2=" ">
            <subfield code="a">FU</subfield>
            <subfield code="b">UFSWE</subfield>
            <subfield code="c">GEN</subfield>
            <subfield code="h">B;M334z</subfield>
            <subfield code="t">2</subfield>
            <subfield code="x">wd 11/43</subfield>
        </datafield>
        <datafield tag="852" ind1=" " ind2=" ">
            <subfield code="a">FU</subfield>
            <subfield code="b">UFSWE</subfield>
            <subfield code="c">GEN</subfield>
            <subfield code="h">B;M334z</subfield>
            <subfield code="t">3</subfield>
            <subfield code="x">retro-wd 4-99 Inventory/DMU</subfield>
        </datafield>
        <datafield tag="852" ind1="0" ind2=" ">
            <subfield code="a">FU</subfield>
            <subfield code="b">UFSWE</subfield>
            <subfield code="c">GEN</subfield>
            <subfield code="h">DC137.1</subfield>
            <subfield code="i">.Z82</subfield>
        </datafield>
        <datafield tag="852" ind1=" " ind2=" ">
            <subfield code="a">FU</subfield>
            <subfield code="b">UFSWE</subfield>
            <subfield code="c">GEN</subfield>
            <subfield code="h">B;M334z</subfield>
            <subfield code="t">5</subfield>
            <subfield code="x">wd 10-02 tlh per F.DiTrolio</subfield>
        </datafield>
        <datafield tag="852" ind1=" " ind2=" ">
            <subfield code="a">FU</subfield>
            <subfield code="b">UFSWE</subfield>
            <subfield code="c">GEN</subfield>
            <subfield code="h">B</subfield>
            <subfield code="i">M334z</subfield>
            <subfield code="t">6</subfield>
            <subfield code="x">Garden City pub.</subfield>
            <subfield code="x">wd 10-02 tlh per F.DiTrolio</subfield>
        </datafield>
        <datafield tag="852" ind1="0" ind2=" ">
            <subfield code="a">FOFT</subfield>
            <subfield code="b">CFMGC</subfield>
            <subfield code="c">GC</subfield>
            <subfield code="h">DC137.1</subfield>
            <subfield code="i">.Z82 1933</subfield>
        </datafield>
        <datafield tag="852" ind1="0" ind2=" ">
            <subfield code="a">ffmfgc</subfield>
            <subfield code="b">GCUMN</subfield>
            <subfield code="c">MAIN</subfield>
            <subfield code="h">DC137.1</subfield>
            <subfield code="i">.Z82</subfield>
        </datafield>
        <datafield tag="852" ind1="0" ind2=" ">
            <subfield code="a">ffmfgc</subfield>
            <subfield code="b">GCUMN</subfield>
            <subfield code="c">WITH</subfield>
            <subfield code="h">DC137.1</subfield>
            <subfield code="i">.Z82</subfield>
            <subfield code="x">DISCARDED</subfield>
        </datafield>
        <datafield tag="852" ind1="0" ind2=" ">
            <subfield code="a">FBoU</subfield>
            <subfield code="b">FABOC</subfield>
            <subfield code="c">GEN</subfield>
            <subfield code="h">DC137.1</subfield>
            <subfield code="i">.Z82</subfield>
        </datafield>
        <datafield tag="852" ind1="0" ind2=" ">
            <subfield code="a">FTS</subfield>
            <subfield code="b">SFTMP</subfield>
            <subfield code="c">GEN</subfield>
            <subfield code="h">DC137.1</subfield>
            <subfield code="i">.Z82</subfield>
        </datafield>
        <datafield tag="852" ind1="0" ind2=" ">
            <subfield code="a">FStS</subfield>
            <subfield code="b">SFSTP</subfield>
            <subfield code="c">GEN</subfield>
            <subfield code="h">DC137.1</subfield>
            <subfield code="i">.Z82 1933</subfield>
            <subfield code="x">03/18/89 wr</subfield>
        </datafield>
        <datafield tag="852" ind1="0" ind2=" ">
            <subfield code="a">FTaSU</subfield>
            <subfield code="b">FSRS2</subfield>
            <subfield code="c">GEN</subfield>
            <subfield code="h">DC137.1</subfield>
            <subfield code="i">.Z9813 1933</subfield>
        </datafield>
        <datafield tag="852" ind1=" " ind2=" ">
            <subfield code="a">FlGaFAR</subfield>
            <subfield code="b">FLARE</subfield>
            <subfield code="c">TRAY</subfield>
        </datafield>
        <datafield tag="951" ind1=" " ind2=" ">
            <subfield code="1">02</subfield>
            <subfield code="a">FAU01:000042733;</subfield>
            <subfield code="5">FBoU</subfield>
        </datafield>
        <datafield tag="951" ind1=" " ind2=" ">
            <subfield code="1">05</subfield>
            <subfield code="a">FSU01:000621529;</subfield>
            <subfield code="5">FTaSU</subfield>
        </datafield>
        <datafield tag="951" ind1=" " ind2=" ">
            <subfield code="1">03</subfield>
            <subfield code="a">GCU01:000065905;</subfield>
            <subfield code="5">FFmFGC</subfield>
        </datafield>
        <datafield tag="951" ind1=" " ind2=" ">
            <subfield code="1">06</subfield>
            <subfield code="a">NCU01:000008442;</subfield>
            <subfield code="5">FSsNC</subfield>
        </datafield>
        <datafield tag="951" ind1=" " ind2=" ">
            <subfield code="1">10</subfield>
            <subfield code="a">SFU01:000058156;</subfield>
            <subfield code="5">FTS</subfield>
        </datafield>
        <datafield tag="951" ind1=" " ind2=" ">
            <subfield code="1">08</subfield>
            <subfield code="a">UFU01:000637551;</subfield>
            <subfield code="5">FU</subfield>
        </datafield>
        <datafield tag="999" ind1=" " ind2=" ">
            <subfield code="a">ADC4575002</subfield>
        </datafield>
        <datafield tag="999" ind1=" " ind2=" ">
            <subfield code="a">ADG7262004</subfield>
        </datafield>
        <datafield tag="999" ind1=" " ind2=" ">
            <subfield code="a">AEL8594001</subfield>
        </datafield>
        <datafield tag="999" ind1=" " ind2=" ">
            <subfield code="a">AAG9146001</subfield>
        </datafield>
        <datafield tag="999" ind1=" " ind2=" ">
            <subfield code="a">AAE5273001</subfield>
        </datafield>
        <datafield tag="999" ind1=" " ind2=" ">
            <subfield code="a">AAH7775001</subfield>
        </datafield>
        <datafield tag="999" ind1=" " ind2=" ">
            <subfield code="a">AAH7775002</subfield>
        </datafield>
        <datafield tag="999" ind1=" " ind2=" ">
            <subfield code="a">ACT0881001</subfield>
        </datafield>
    </record>