
    <record>
        <leader>01262nam a2200361I 4500</leader>
        <controlfield tag="001">020354418</controlfield>
        <controlfield tag="004">SAADC7017002</controlfield>
        <controlfield tag="005">20130531102854.0</controlfield>
        <controlfield tag="008">720330 1964 | eng u</controlfield>
        <datafield tag="010" ind1=" " ind2=" ">
            <subfield code="a"> 63017203 </subfield>
        </datafield>
        <datafield tag="035" ind1=" " ind2="9">
            <subfield code="a">(OCoLC)00273113</subfield>
        </datafield>
        <datafield tag="040" ind1=" " ind2=" ">
            <subfield code="c">URB</subfield>
            <subfield code="d">m.c.</subfield>
            <subfield code="d">FHS</subfield>
        </datafield>
        <datafield tag="090" ind1=" " ind2=" ">
            <subfield code="a">DC216.1</subfield>
            <subfield code="b">.K55</subfield>
        </datafield>
        <datafield tag="100" ind1="1" ind2=" ">
            <subfield code="a">Knapton, Ernest John.</subfield>
        </datafield>
        <datafield tag="245" ind1="1" ind2="0">
            <subfield code="a">Empress Josephine.</subfield>
        </datafield>
        <datafield tag="260" ind1=" " ind2=" ">
            <subfield code="a">Cambridge, Mass.,</subfield>
            <subfield code="b">Harvard University Press,</subfield>
            <subfield code="c">1964.</subfield>
        </datafield>
        <datafield tag="300" ind1=" " ind2=" ">
            <subfield code="a">xiii, 359 p.</subfield>
            <subfield code="b">illus., ports.</subfield>
        </datafield>
        <datafield tag="504" ind1=" " ind2=" ">
            <subfield code="a">&quot;Bibliographical essay&quot;: p. 333-343. Bibliographical
                references included in &quot;Notes&quot; (p. 344-350)</subfield>
        </datafield>
        <datafield tag="600" ind1="0" ind2="0">
            <subfield code="a">Joséphine,</subfield>
            <subfield code="c">Empress, consort of Napoleon I, Emperor of the French,</subfield>
            <subfield code="d">1763-1814.</subfield>
        </datafield>
        <datafield tag="852" ind1="0" ind2=" ">
            <subfield code="a">FSsNC</subfield>
            <subfield code="b">NCJBC</subfield>
            <subfield code="c">CIRC</subfield>
            <subfield code="h">DC216.1</subfield>
            <subfield code="i">.K55</subfield>
        </datafield>
        <datafield tag="852" ind1="0" ind2=" ">
            <subfield code="a">FStS</subfield>
            <subfield code="b">SFSTP</subfield>
            <subfield code="c">GEN</subfield>
            <subfield code="h">DC216.1</subfield>
            <subfield code="i">.K55</subfield>
        </datafield>
        <datafield tag="852" ind1="0" ind2=" ">
            <subfield code="a">FTaSU</subfield>
            <subfield code="b">FSULC</subfield>
            <subfield code="c">SUB</subfield>
            <subfield code="h">DC216.1</subfield>
            <subfield code="i">.K55</subfield>
        </datafield>
        <datafield tag="852" ind1="0" ind2=" ">
            <subfield code="a">FSsNC</subfield>
            <subfield code="b">NCJBC</subfield>
            <subfield code="c">CIRC</subfield>
            <subfield code="h">DC216.1</subfield>
            <subfield code="i">.K55</subfield>
        </datafield>
        <datafield tag="852" ind1="0" ind2=" ">
            <subfield code="a">FStS</subfield>
            <subfield code="b">SFSTP</subfield>
            <subfield code="c">GEN</subfield>
            <subfield code="h">DC216.1</subfield>
            <subfield code="i">.K55</subfield>
        </datafield>
        <datafield tag="852" ind1="0" ind2=" ">
            <subfield code="a">FTaSU</subfield>
            <subfield code="b">FSULC</subfield>
            <subfield code="c">SUB</subfield>
            <subfield code="h">DC216.1</subfield>
            <subfield code="i">.K55</subfield>
        </datafield>
        <datafield tag="852" ind1="1" ind2=" ">
            <subfield code="a">FU</subfield>
            <subfield code="b">UFSME</subfield>
            <subfield code="c">GEN</subfield>
            <subfield code="h">944.04</subfield>
            <subfield code="i">Kna</subfield>
        </datafield>
        <datafield tag="951" ind1=" " ind2=" ">
            <subfield code="1">05</subfield>
            <subfield code="a">FSU01:000062037;</subfield>
            <subfield code="5">FTaSU</subfield>
        </datafield>
        <datafield tag="951" ind1=" " ind2=" ">
            <subfield code="1">06</subfield>
            <subfield code="a">NCU01:000010293;</subfield>
            <subfield code="5">FSsNC</subfield>
        </datafield>
        <datafield tag="951" ind1=" " ind2=" ">
            <subfield code="1">10</subfield>
            <subfield code="a">SFU01:000067864;</subfield>
            <subfield code="5">FTS</subfield>
        </datafield>
        <datafield tag="951" ind1=" " ind2=" ">
            <subfield code="1">08</subfield>
            <subfield code="a">UFU01:001530833;</subfield>
            <subfield code="5">FU</subfield>
        </datafield>
        <datafield tag="999" ind1=" " ind2=" ">
            <subfield code="a">ADC7017002</subfield>
        </datafield>
        <datafield tag="999" ind1=" " ind2=" ">
            <subfield code="a">AAJ7765001</subfield>
        </datafield>
        <datafield tag="999" ind1=" " ind2=" ">
            <subfield code="a">AAG3809001</subfield>
        </datafield>
    </record>