
    <record>
        <leader>01625nam a2200505 4500</leader>
        <controlfield tag="001">020642130</controlfield>
        <controlfield tag="004">WFAAZ3304001</controlfield>
        <controlfield tag="005">20070501154239.0</controlfield>
        <controlfield tag="008">730622s1970 nyua 001|0 eng </controlfield>
        <datafield tag="010" ind1=" " ind2=" ">
            <subfield code="a"> 77099158 </subfield>
        </datafield>
        <datafield tag="019" ind1=" " ind2=" ">
            <subfield code="a">273644</subfield>
        </datafield>
        <datafield tag="020" ind1=" " ind2=" ">
            <subfield code="z">213000504</subfield>
        </datafield>
        <datafield tag="035" ind1=" " ind2=" ">
            <subfield code="a">(OCoLC)00169768</subfield>
        </datafield>
        <datafield tag="040" ind1=" " ind2=" ">
            <subfield code="a">DLC</subfield>
            <subfield code="c">DLC</subfield>
            <subfield code="d">m.c.</subfield>
            <subfield code="d">FDA</subfield>
        </datafield>
        <datafield tag="043" ind1=" " ind2=" ">
            <subfield code="a">e-uk---</subfield>
        </datafield>
        <datafield tag="050" ind1="0" ind2=" ">
            <subfield code="a">UA649</subfield>
            <subfield code="b">.Y62</subfield>
        </datafield>
        <datafield tag="050" ind1="0" ind2=" ">
            <subfield code="a">UA649</subfield>
            <subfield code="b">.Y62 1970b</subfield>
        </datafield>
        <datafield tag="082" ind1="0" ind2=" ">
            <subfield code="a">355/.00942</subfield>
        </datafield>
        <datafield tag="090" ind1=" " ind2=" ">
            <subfield code="a">DA50</subfield>
            <subfield code="b">.Y5</subfield>
        </datafield>
        <datafield tag="090" ind1=" " ind2=" ">
            <subfield code="a">UA649</subfield>
            <subfield code="b">.Y62 1970</subfield>
        </datafield>
        <datafield tag="100" ind1="1" ind2=" ">
            <subfield code="a">Young, Peter,</subfield>
            <subfield code="d">1915-1988.</subfield>
        </datafield>
        <datafield tag="245" ind1="1" ind2="0">
            <subfield code="a">History of the British Army;</subfield>
            <subfield code="c">edited by Peter Young and J. P. Lawford.</subfield>
        </datafield>
        <datafield tag="250" ind1=" " ind2=" ">
            <subfield code="a">[1st American ed.]</subfield>
        </datafield>
        <datafield tag="260" ind1=" " ind2=" ">
            <subfield code="a">New York,</subfield>
            <subfield code="b">Putnam,</subfield>
            <subfield code="c">[1970]</subfield>
        </datafield>
        <datafield tag="300" ind1=" " ind2=" ">
            <subfield code="a">304 p.</subfield>
            <subfield code="b">illus. (some col.), facsim., maps, ports.</subfield>
            <subfield code="c">29 cm.</subfield>
        </datafield>
        <datafield tag="610" ind1="1" ind2="0">
            <subfield code="a">Great Britain.</subfield>
            <subfield code="b">Army</subfield>
            <subfield code="x">History.</subfield>
        </datafield>
        <datafield tag="700" ind1="1" ind2=" ">
            <subfield code="a">Lawford, James Philip.</subfield>
        </datafield>
        <datafield tag="700" ind1="1" ind2=" ">
            <subfield code="a">Lawford, James Philip,</subfield>
            <subfield code="e">joint author.</subfield>
        </datafield>
        <datafield tag="700" ind1="1" ind2=" ">
            <subfield code="a">Lawford, James Philip,</subfield>
            <subfield code="e">joint comp.</subfield>
        </datafield>
        <datafield tag="852" ind1="0" ind2=" ">
            <subfield code="a">FPeU</subfield>
            <subfield code="b">WFPAC</subfield>
            <subfield code="c">PGEN</subfield>
            <subfield code="h">UA649</subfield>
            <subfield code="i">.Y62 1970</subfield>
        </datafield>
        <datafield tag="852" ind1="0" ind2=" ">
            <subfield code="a">FJUNF</subfield>
            <subfield code="b">NFUCC</subfield>
            <subfield code="c">GENL</subfield>
            <subfield code="h">UA649</subfield>
            <subfield code="i">.Y62 1970</subfield>
        </datafield>
        <datafield tag="852" ind1="0" ind2=" ">
            <subfield code="a">FTaFA</subfield>
            <subfield code="b">AMCOL</subfield>
            <subfield code="c">COGC</subfield>
            <subfield code="h">DA50</subfield>
            <subfield code="i">.Y5</subfield>
        </datafield>
        <datafield tag="852" ind1="0" ind2=" ">
            <subfield code="a">FTaSU</subfield>
            <subfield code="b">FSULC</subfield>
            <subfield code="c">GEN</subfield>
            <subfield code="h">UA649</subfield>
            <subfield code="i">.Y62</subfield>
        </datafield>
        <datafield tag="852" ind1="0" ind2=" ">
            <subfield code="a">FPeU</subfield>
            <subfield code="b">WFPAC</subfield>
            <subfield code="c">PGEN</subfield>
            <subfield code="h">UA649</subfield>
            <subfield code="i">.Y62 1970</subfield>
        </datafield>
        <datafield tag="852" ind1="0" ind2=" ">
            <subfield code="a">FJUNF</subfield>
            <subfield code="b">NFUCC</subfield>
            <subfield code="c">GENL</subfield>
            <subfield code="h">UA649</subfield>
            <subfield code="i">.Y62 1970</subfield>
        </datafield>
        <datafield tag="852" ind1="0" ind2=" ">
            <subfield code="a">FTaFA</subfield>
            <subfield code="b">AMCOL</subfield>
            <subfield code="c">COGC</subfield>
            <subfield code="h">DA50</subfield>
            <subfield code="i">.Y5</subfield>
        </datafield>
        <datafield tag="852" ind1="0" ind2=" ">
            <subfield code="a">FTaSU</subfield>
            <subfield code="b">FSULC</subfield>
            <subfield code="c">GEN</subfield>
            <subfield code="h">UA649</subfield>
            <subfield code="i">.Y62</subfield>
        </datafield>
        <datafield tag="951" ind1=" " ind2=" ">
            <subfield code="1">01</subfield>
            <subfield code="a">AMU01:000149793;</subfield>
            <subfield code="5">FTaFA</subfield>
        </datafield>
        <datafield tag="951" ind1=" " ind2=" ">
            <subfield code="1">05</subfield>
            <subfield code="a">FSU01:000547656;</subfield>
            <subfield code="5">FTaSU</subfield>
        </datafield>
        <datafield tag="951" ind1=" " ind2=" ">
            <subfield code="1">09</subfield>
            <subfield code="a">NFU01:000025583;</subfield>
            <subfield code="5">FJUNF</subfield>
        </datafield>
        <datafield tag="951" ind1=" " ind2=" ">
            <subfield code="1">11</subfield>
            <subfield code="a">WFU01:000223182;</subfield>
            <subfield code="5">FPeU</subfield>
        </datafield>
        <datafield tag="999" ind1=" " ind2=" ">
            <subfield code="a">AAZ3304001</subfield>
        </datafield>
        <datafield tag="999" ind1=" " ind2=" ">
            <subfield code="a">AAC6477001</subfield>
        </datafield>
        <datafield tag="999" ind1=" " ind2=" ">
            <subfield code="a">AAR1553001</subfield>
        </datafield>
        <datafield tag="999" ind1=" " ind2=" ">
            <subfield code="a">ACJ3735001</subfield>
        </datafield>
    </record>