
    <record>
        <leader>01646pam a2200457 a 4500</leader>
        <controlfield tag="001">020653245</controlfield>
        <controlfield tag="004">WFABL5306001</controlfield>
        <controlfield tag="005">20120623040700.0</controlfield>
        <controlfield tag="008">871221s1988 enkcf b 001|0ceng </controlfield>
        <datafield tag="010" ind1=" " ind2=" ">
            <subfield code="a"> 87035782 </subfield>
        </datafield>
        <datafield tag="020" ind1=" " ind2=" ">
            <subfield code="a">0631160639 :</subfield>
            <subfield code="c">$14.95 (U.S.)</subfield>
        </datafield>
        <datafield tag="035" ind1=" " ind2=" ">
            <subfield code="a">(OCoLC)17300612</subfield>
        </datafield>
        <datafield tag="035" ind1=" " ind2=" ">
            <subfield code="a">(OCoLC)17300612</subfield>
        </datafield>
        <datafield tag="040" ind1=" " ind2=" ">
            <subfield code="a">DLC</subfield>
            <subfield code="c">DLC</subfield>
        </datafield>
        <datafield tag="043" ind1=" " ind2=" ">
            <subfield code="a">e-fr---</subfield>
        </datafield>
        <datafield tag="050" ind1="0" ind2=" ">
            <subfield code="a">DC145</subfield>
            <subfield code="b">.T5 1988</subfield>
        </datafield>
        <datafield tag="082" ind1="0" ind2=" ">
            <subfield code="a">944.04/092/2</subfield>
            <subfield code="2">19</subfield>
        </datafield>
        <datafield tag="100" ind1="1" ind2=" ">
            <subfield code="a">Thompson, J. M.</subfield>
            <subfield code="q">(James Matthew),</subfield>
            <subfield code="d">1878-1956.</subfield>
        </datafield>
        <datafield tag="245" ind1="1" ind2="0">
            <subfield code="a">Leaders of the French Revolution /</subfield>
            <subfield code="c">by J.M. Thompson.</subfield>
        </datafield>
        <datafield tag="260" ind1=" " ind2=" ">
            <subfield code="a">Oxford, UK ;</subfield>
            <subfield code="a">New York, NY, USA :</subfield>
            <subfield code="b">Basil Blackwell,</subfield>
            <subfield code="c">1988.</subfield>
        </datafield>
        <datafield tag="300" ind1=" " ind2=" ">
            <subfield code="a">xiv, 272 p., [8] p. of plates :</subfield>
            <subfield code="b">ports. ;</subfield>
            <subfield code="c">22 cm.</subfield>
        </datafield>
        <datafield tag="504" ind1=" " ind2=" ">
            <subfield code="a">Includes bibliographies and index.</subfield>
        </datafield>
        <datafield tag="583" ind1="1" ind2=" ">
            <subfield code="5">FlGaFAR</subfield>
            <subfield code="a">committed to retain</subfield>
            <subfield code="c">20171120</subfield>
            <subfield code="d">committed to retain permanently</subfield>
            <subfield code="f">FLARE</subfield>
            <subfield code="j">FSTO</subfield>
        </datafield>
        <datafield tag="583" ind1="1" ind2=" ">
            <subfield code="5">FlGaFAR</subfield>
            <subfield code="a">condition reviewed</subfield>
            <subfield code="c">20171120</subfield>
            <subfield code="f">FLARE</subfield>
            <subfield code="j">FSTO</subfield>
        </datafield>
        <datafield tag="650" ind1=" " ind2="0">
            <subfield code="a">Revolutionaries</subfield>
            <subfield code="z">France</subfield>
            <subfield code="x">Biography.</subfield>
        </datafield>
        <datafield tag="651" ind1=" " ind2="0">
            <subfield code="a">France</subfield>
            <subfield code="x">History</subfield>
            <subfield code="y">Revolution, 1789-1799</subfield>
            <subfield code="x">Biography.</subfield>
        </datafield>
        <datafield tag="651" ind1=" " ind2="0">
            <subfield code="a">France</subfield>
            <subfield code="x">Biography.</subfield>
        </datafield>
        <datafield tag="852" ind1="0" ind2=" ">
            <subfield code="a">FPeU</subfield>
            <subfield code="b">WFPAC</subfield>
            <subfield code="c">PGEN</subfield>
            <subfield code="h">DC145</subfield>
            <subfield code="i">.T5 1988</subfield>
        </datafield>
        <datafield tag="852" ind1="0" ind2=" ">
            <subfield code="a">FTaFA</subfield>
            <subfield code="b">AMCOL</subfield>
            <subfield code="c">COGC</subfield>
            <subfield code="h">DC145</subfield>
            <subfield code="i">.T5 1988</subfield>
        </datafield>
        <datafield tag="852" ind1="0" ind2=" ">
            <subfield code="a">FTaSU</subfield>
            <subfield code="b">FSULC</subfield>
            <subfield code="c">SUB</subfield>
            <subfield code="h">DC145</subfield>
            <subfield code="i">.T5 1988</subfield>
        </datafield>
        <datafield tag="852" ind1=" " ind2=" ">
            <subfield code="a">FlGaFAR</subfield>
            <subfield code="b">FLARE</subfield>
            <subfield code="c">TRAY</subfield>
        </datafield>
        <datafield tag="852" ind1="0" ind2=" ">
            <subfield code="a">FPeU</subfield>
            <subfield code="b">WFPAC</subfield>
            <subfield code="c">PGEN</subfield>
            <subfield code="h">DC145</subfield>
            <subfield code="i">.T5 1988</subfield>
        </datafield>
        <datafield tag="852" ind1="0" ind2=" ">
            <subfield code="a">FTaFA</subfield>
            <subfield code="b">AMCOL</subfield>
            <subfield code="c">COGC</subfield>
            <subfield code="h">DC145</subfield>
            <subfield code="i">.T5 1988</subfield>
        </datafield>
        <datafield tag="852" ind1="0" ind2=" ">
            <subfield code="a">FTaSU</subfield>
            <subfield code="b">FSULC</subfield>
            <subfield code="c">SUB</subfield>
            <subfield code="h">DC145</subfield>
            <subfield code="i">.T5 1988</subfield>
        </datafield>
        <datafield tag="852" ind1=" " ind2=" ">
            <subfield code="a">FlGaFAR</subfield>
            <subfield code="b">FLARE</subfield>
            <subfield code="c">TRAY</subfield>
        </datafield>
        <datafield tag="951" ind1=" " ind2=" ">
            <subfield code="1">01</subfield>
            <subfield code="a">AMU01:000262741;</subfield>
            <subfield code="5">FTaFA</subfield>
        </datafield>
        <datafield tag="951" ind1=" " ind2=" ">
            <subfield code="1">05</subfield>
            <subfield code="a">FSU01:001013260;</subfield>
            <subfield code="5">FTaSU</subfield>
        </datafield>
        <datafield tag="951" ind1=" " ind2=" ">
            <subfield code="1">11</subfield>
            <subfield code="a">WFU01:000317550;</subfield>
            <subfield code="5">FPeU</subfield>
        </datafield>
        <datafield tag="999" ind1=" " ind2=" ">
            <subfield code="a">ABL5306001</subfield>
        </datafield>
        <datafield tag="999" ind1=" " ind2=" ">
            <subfield code="a">ABE8360001</subfield>
        </datafield>
        <datafield tag="999" ind1=" " ind2=" ">
            <subfield code="a">AFK7240001</subfield>
        </datafield>
    </record>