
    <record>
        <leader>02078nam a2200613I 4500</leader>
        <controlfield tag="001">020693276</controlfield>
        <controlfield tag="004">NFAAH6310001</controlfield>
        <controlfield tag="005">20090625114826.0</controlfield>
        <controlfield tag="008">730118s1960 nyu 00||0 eng c</controlfield>
        <datafield tag="010" ind1=" " ind2=" ">
            <subfield code="a"> 61016544 </subfield>
        </datafield>
        <datafield tag="035" ind1=" " ind2="9">
            <subfield code="a">(OCoLC)00542689</subfield>
        </datafield>
        <datafield tag="040" ind1=" " ind2=" ">
            <subfield code="a">Ohio Univ Lib</subfield>
        </datafield>
        <datafield tag="050" ind1=" " ind2=" ">
            <subfield code="a">DC158</subfield>
            <subfield code="b">.W4</subfield>
        </datafield>
        <datafield tag="050" ind1="?" ind2=" ">
            <subfield code="a">DC158</subfield>
            <subfield code="b">.W4 1961</subfield>
        </datafield>
        <datafield tag="082" ind1="0" ind2=" ">
            <subfield code="a">325.2440942</subfield>
        </datafield>
        <datafield tag="090" ind1=" " ind2=" ">
            <subfield code="a">DC158</subfield>
            <subfield code="b">.W4</subfield>
        </datafield>
        <datafield tag="100" ind1="1" ind2=" ">
            <subfield code="a">Weiner, Margery.</subfield>
        </datafield>
        <datafield tag="245" ind1="1" ind2="4">
            <subfield code="a">The French exiles, 1789-1815.</subfield>
        </datafield>
        <datafield tag="260" ind1=" " ind2=" ">
            <subfield code="a">New York,</subfield>
            <subfield code="b">Morrow</subfield>
            <subfield code="c">[c1960]</subfield>
        </datafield>
        <datafield tag="300" ind1=" " ind2=" ">
            <subfield code="a">240 p.</subfield>
            <subfield code="b">illus.</subfield>
            <subfield code="c">22 cm.</subfield>
        </datafield>
        <datafield tag="504" ind1=" " ind2=" ">
            <subfield code="a">Includes bibliography.</subfield>
        </datafield>
        <datafield tag="650" ind1=" " ind2="0">
            <subfield code="a">Émigrés</subfield>
        </datafield>
        <datafield tag="650" ind1=" " ind2="0">
            <subfield code="a">French</subfield>
            <subfield code="z">England.</subfield>
        </datafield>
        <datafield tag="650" ind1=" " ind2="0">
            <subfield code="a">France</subfield>
            <subfield code="x">History</subfield>
            <subfield code="y">Revolution, 1789-1799</subfield>
            <subfield code="x">Refugees.</subfield>
        </datafield>
        <datafield tag="651" ind1=" " ind2="0">
            <subfield code="a">France</subfield>
            <subfield code="x">History</subfield>
            <subfield code="y">Revolution, 1789-1799</subfield>
        </datafield>
        <datafield tag="651" ind1=" " ind2="0">
            <subfield code="a">France</subfield>
            <subfield code="x">History</subfield>
            <subfield code="y">Revolution, 1789-1799</subfield>
            <subfield code="x">Refugees.</subfield>
        </datafield>
        <datafield tag="852" ind1="0" ind2=" ">
            <subfield code="a">FJUNF</subfield>
            <subfield code="b">NFUCC</subfield>
            <subfield code="c">GENL</subfield>
            <subfield code="h">DC158</subfield>
            <subfield code="i">.W4 1961</subfield>
        </datafield>
        <datafield tag="852" ind1="0" ind2=" ">
            <subfield code="a">FTS</subfield>
            <subfield code="b">SFTMP</subfield>
            <subfield code="c">GEN</subfield>
            <subfield code="h">DC158</subfield>
            <subfield code="i">.W4</subfield>
        </datafield>
        <datafield tag="852" ind1="0" ind2=" ">
            <subfield code="a">FTaSU</subfield>
            <subfield code="b">FSULC</subfield>
            <subfield code="c">SUB</subfield>
            <subfield code="h">DC158</subfield>
            <subfield code="i">.W4</subfield>
        </datafield>
        <datafield tag="852" ind1="0" ind2=" ">
            <subfield code="a">FSsNC</subfield>
            <subfield code="b">NCJBC</subfield>
            <subfield code="c">CIRC</subfield>
            <subfield code="h">DC158</subfield>
            <subfield code="i">.W4 1961</subfield>
        </datafield>
        <datafield tag="852" ind1="0" ind2=" ">
            <subfield code="a">FPeU</subfield>
            <subfield code="b">WFPAC</subfield>
            <subfield code="c">PGEN</subfield>
            <subfield code="h">DC158</subfield>
            <subfield code="i">.W4 1961</subfield>
        </datafield>
        <datafield tag="852" ind1="0" ind2=" ">
            <subfield code="a">FU</subfield>
            <subfield code="b">UFSWE</subfield>
            <subfield code="c">GEN</subfield>
            <subfield code="h">DC158</subfield>
            <subfield code="i">.W4x</subfield>
            <subfield code="x">(1961 printing)</subfield>
        </datafield>
        <datafield tag="852" ind1="0" ind2=" ">
            <subfield code="a">FU</subfield>
            <subfield code="b">UFSWE</subfield>
            <subfield code="c">GEN</subfield>
            <subfield code="h">DC158</subfield>
            <subfield code="i">.W4x</subfield>
            <subfield code="t">2</subfield>
            <subfield code="x">gift (1961 printing)</subfield>
        </datafield>
        <datafield tag="852" ind1="0" ind2=" ">
            <subfield code="a">FJUNF</subfield>
            <subfield code="b">NFUCC</subfield>
            <subfield code="c">GENL</subfield>
            <subfield code="h">DC158</subfield>
            <subfield code="i">.W4 1961</subfield>
        </datafield>
        <datafield tag="852" ind1="0" ind2=" ">
            <subfield code="a">FTS</subfield>
            <subfield code="b">SFTMP</subfield>
            <subfield code="c">GEN</subfield>
            <subfield code="h">DC158</subfield>
            <subfield code="i">.W4</subfield>
        </datafield>
        <datafield tag="852" ind1="0" ind2=" ">
            <subfield code="a">FTaSU</subfield>
            <subfield code="b">FSULC</subfield>
            <subfield code="c">SUB</subfield>
            <subfield code="h">DC158</subfield>
            <subfield code="i">.W4</subfield>
        </datafield>
        <datafield tag="852" ind1="0" ind2=" ">
            <subfield code="a">FTaSU</subfield>
            <subfield code="b">FSULC</subfield>
            <subfield code="c">SUB</subfield>
            <subfield code="h">DC158</subfield>
            <subfield code="i">.W4</subfield>
            <subfield code="t">2</subfield>
            <subfield code="x">Withdrawn 06/25/2009 nmd</subfield>
        </datafield>
        <datafield tag="852" ind1="0" ind2=" ">
            <subfield code="a">FSsNC</subfield>
            <subfield code="b">NCJBC</subfield>
            <subfield code="c">CIRC</subfield>
            <subfield code="h">DC158</subfield>
            <subfield code="i">.W4 1961</subfield>
        </datafield>
        <datafield tag="852" ind1="0" ind2=" ">
            <subfield code="a">FPeU</subfield>
            <subfield code="b">WFPAC</subfield>
            <subfield code="c">PGEN</subfield>
            <subfield code="h">DC158</subfield>
            <subfield code="i">.W4 1961</subfield>
        </datafield>
        <datafield tag="852" ind1="0" ind2=" ">
            <subfield code="a">FU</subfield>
            <subfield code="b">UFSWE</subfield>
            <subfield code="c">GEN</subfield>
            <subfield code="h">DC158</subfield>
            <subfield code="i">.W4x</subfield>
            <subfield code="x">(1961 printing)</subfield>
        </datafield>
        <datafield tag="852" ind1="0" ind2=" ">
            <subfield code="a">FU</subfield>
            <subfield code="b">UFSWE</subfield>
            <subfield code="c">GEN</subfield>
            <subfield code="h">DC158</subfield>
            <subfield code="i">.W4x</subfield>
            <subfield code="t">2</subfield>
            <subfield code="x">gift (1961 printing)</subfield>
        </datafield>
        <datafield tag="951" ind1=" " ind2=" ">
            <subfield code="1">05</subfield>
            <subfield code="a">FSU01:000115866;</subfield>
            <subfield code="5">FTaSU</subfield>
        </datafield>
        <datafield tag="951" ind1=" " ind2=" ">
            <subfield code="1">06</subfield>
            <subfield code="a">NCU01:000021504;</subfield>
            <subfield code="5">FSsNC</subfield>
        </datafield>
        <datafield tag="951" ind1=" " ind2=" ">
            <subfield code="1">09</subfield>
            <subfield code="a">NFU01:000074006;</subfield>
            <subfield code="5">FJUNF</subfield>
        </datafield>
        <datafield tag="951" ind1=" " ind2=" ">
            <subfield code="1">10</subfield>
            <subfield code="a">SFU01:000127736;</subfield>
            <subfield code="5">FTS</subfield>
        </datafield>
        <datafield tag="951" ind1=" " ind2=" ">
            <subfield code="1">08</subfield>
            <subfield code="a">UFU01:001515121;</subfield>
            <subfield code="5">FU</subfield>
        </datafield>
        <datafield tag="951" ind1=" " ind2=" ">
            <subfield code="1">11</subfield>
            <subfield code="a">WFU01:000079138;</subfield>
            <subfield code="5">FPeU</subfield>
        </datafield>
        <datafield tag="999" ind1=" " ind2=" ">
            <subfield code="a">AAH6310001</subfield>
        </datafield>
        <datafield tag="999" ind1=" " ind2=" ">
            <subfield code="a">AAQ9439001</subfield>
        </datafield>
        <datafield tag="999" ind1=" " ind2=" ">
            <subfield code="a">AAM9153001</subfield>
        </datafield>
        <datafield tag="999" ind1=" " ind2=" ">
            <subfield code="a">ADD9781002</subfield>
        </datafield>
        <datafield tag="999" ind1=" " ind2=" ">
            <subfield code="a">AAJ1202001</subfield>
        </datafield>
        <datafield tag="999" ind1=" " ind2=" ">
            <subfield code="a">AHC8146001</subfield>
        </datafield>
        <datafield tag="999" ind1=" " ind2=" ">
            <subfield code="a">AHC8146002</subfield>
        </datafield>
    </record>