
<!--    <record>
        <leader>01719cam a2200433Ia 4500</leader>
        <controlfield tag="001">020729459</controlfield>
        <controlfield tag="004">CFABH7503001</controlfield>
        <controlfield tag="005">20120623042000.0</controlfield>
        <controlfield tag="007">hdrafa014baca</controlfield>
        <controlfield tag="008">840416r19701857ctu a 000|1 eng d</controlfield>
        <datafield tag="035" ind1=" " ind2=" ">
            <subfield code="a">(OCoLC)10631062</subfield>
        </datafield>
        <datafield tag="040" ind1=" " ind2=" ">
            <subfield code="a">FDA</subfield>
            <subfield code="c">LWS</subfield>
        </datafield>
        <datafield tag="090" ind1=" " ind2=" ">
            <subfield code="a">PS15</subfield>
        </datafield>
        <datafield tag="092" ind1=" " ind2=" ">
            <subfield code="a">813.008</subfield>
            <subfield code="b">A512</subfield>
        </datafield>
        <datafield tag="099" ind1=" " ind2=" ">
            <subfield code="a">Film</subfield>
            <subfield code="a">3563</subfield>
        </datafield>
        <datafield tag="099" ind1=" " ind2=" ">
            <subfield code="a">PS535</subfield>
            <subfield code="a">.W7 v. 2 (1851-1875), reel D-6, no. 722)</subfield>
        </datafield>
        <datafield tag="100" ind1="1" ind2=" ">
            <subfield code="a">Denison, Mary A.</subfield>
            <subfield code="q">(Mary Andrews),</subfield>
            <subfield code="d">1826-1911.</subfield>
        </datafield>
        <datafield tag="245" ind1="1" ind2="0">
            <subfield code="a">Gracie Amber</subfield>
            <subfield code="h">microform /</subfield>
            <subfield code="c">by Mrs. C.W. Denison.</subfield>
        </datafield>
        <datafield tag="260" ind1=" " ind2=" ">
            <subfield code="a">New York :</subfield>
            <subfield code="b">Sheldon, Blakeman ;</subfield>
            <subfield code="a">Chicago :</subfield>
            <subfield code="b">S.C. Griggs,</subfield>
            <subfield code="c">1857.</subfield>
        </datafield>
        <datafield tag="300" ind1=" " ind2=" ">
            <subfield code="a">450 p.</subfield>
        </datafield>
        <datafield tag="500" ind1=" " ind2=" ">
            <subfield code="a">Film includes multiple images of some pages.</subfield>
            <subfield code="5">FU</subfield>
            <subfield code="5">FTaSU</subfield>
            <subfield code="5">FOFT</subfield>
        </datafield>
        <datafield tag="533" ind1=" " ind2=" ">
            <subfield code="a">Microfilm.</subfield>
            <subfield code="b">Woodbridge, Conn. :</subfield>
            <subfield code="c">Research Publications,</subfield>
            <subfield code="d">1970-1978.</subfield>
            <subfield code="e">1 microfilm reel ; 35 mm.</subfield>
            <subfield code="f">(Wright American fiction ; v. 2 (1851-1875), reel D-6, no.
                722)</subfield>
            <subfield code="5">FU</subfield>
            <subfield code="5">FTaSU</subfield>
            <subfield code="5">FOFT</subfield>
        </datafield>
        <datafield tag="830" ind1=" " ind2="0">
            <subfield code="a">Wright American fiction.</subfield>
        </datafield>
        <datafield tag="856" ind1="4" ind2="1">
            <subfield code="u">http://purl.dlib.indiana.edu/iudl/wright2/wright2-0722</subfield>
            <subfield code="y">Read this E-book</subfield>
            <subfield code="5">FU</subfield>
        </datafield>
        <datafield tag="852" ind1="0" ind2=" ">
            <subfield code="a">FOFT</subfield>
            <subfield code="b">CFMGC</subfield>
            <subfield code="c">MICFL</subfield>
            <subfield code="h">PS535 .W7 v. 2 (1851-1875), reel D-6, no. 722)</subfield>
        </datafield>
        <datafield tag="852" ind1="4" ind2=" ">
            <subfield code="a">FTaSU</subfield>
            <subfield code="b">FSULC</subfield>
            <subfield code="c">MICR</subfield>
            <subfield code="h">Film 3563 v.2, reel D-6, no.722</subfield>
        </datafield>
        <datafield tag="852" ind1="1" ind2=" ">
            <subfield code="a">FU</subfield>
            <subfield code="b">UFSWE</subfield>
            <subfield code="c">MFM</subfield>
            <subfield code="h">813.008</subfield>
            <subfield code="i">A512</subfield>
        </datafield>
        <datafield tag="852" ind1=" " ind2=" ">
            <subfield code="a">FU</subfield>
            <subfield code="b">UFER</subfield>
            <subfield code="c">SMBK</subfield>
            <subfield code="h">PS15</subfield>
        </datafield>
        <datafield tag="852" ind1="0" ind2=" ">
            <subfield code="a">FOFT</subfield>
            <subfield code="b">CFMGC</subfield>
            <subfield code="c">MICFL</subfield>
            <subfield code="h">PS535 .W7 v. 2 (1851-1875), reel D-6, no. 722)</subfield>
        </datafield>
        <datafield tag="852" ind1="4" ind2=" ">
            <subfield code="a">FTaSU</subfield>
            <subfield code="b">FSULC</subfield>
            <subfield code="c">MICR</subfield>
            <subfield code="h">Film 3563 v.2, reel D-6, no.722</subfield>
        </datafield>
        <datafield tag="852" ind1="1" ind2=" ">
            <subfield code="a">FU</subfield>
            <subfield code="b">UFSWE</subfield>
            <subfield code="c">MFM</subfield>
            <subfield code="h">813.008</subfield>
            <subfield code="i">A512</subfield>
        </datafield>
        <datafield tag="852" ind1=" " ind2=" ">
            <subfield code="a">FU</subfield>
            <subfield code="b">UFER</subfield>
            <subfield code="c">SMBK</subfield>
            <subfield code="h">PS15</subfield>
        </datafield>
        <datafield tag="951" ind1=" " ind2=" ">
            <subfield code="1">07</subfield>
            <subfield code="a">CFU01:000297779;</subfield>
            <subfield code="5">FOFT</subfield>
        </datafield>
        <datafield tag="951" ind1=" " ind2=" ">
            <subfield code="1">05</subfield>
            <subfield code="a">FSU01:000707849;</subfield>
            <subfield code="5">FTaSU</subfield>
        </datafield>
        <datafield tag="951" ind1=" " ind2=" ">
            <subfield code="1">08</subfield>
            <subfield code="a">UFU01:001014381;</subfield>
            <subfield code="5">FU</subfield>
        </datafield>
        <datafield tag="999" ind1=" " ind2=" ">
            <subfield code="a">ABH7503001</subfield>
        </datafield>
        <datafield tag="999" ind1=" " ind2=" ">
            <subfield code="a">ADC1383001</subfield>
        </datafield>
        <datafield tag="999" ind1=" " ind2=" ">
            <subfield code="a">AEZ5607001</subfield>
        </datafield>
        <datafield tag="999" ind1=" " ind2=" ">
            <subfield code="a">AEZ5607002</subfield>
        </datafield>
    </record>