
    <record>
        <leader>01254cam a2200313 a 4500</leader>
        <controlfield tag="001">020762942</controlfield>
        <controlfield tag="005">20100325093943.0</controlfield>
        <controlfield tag="008">870213m19691983th c b f001 0 eng </controlfield>
        <datafield tag="010" ind1=" " ind2=" ">
            <subfield code="a">86916037</subfield>
        </datafield>
        <datafield tag="035" ind1=" " ind2=" ">
            <subfield code="a">(OCoLC)18350965</subfield>
        </datafield>
        <datafield tag="040" ind1=" " ind2=" ">
            <subfield code="a">DLC</subfield>
            <subfield code="c">DLC</subfield>
            <subfield code="d">OCL</subfield>
            <subfield code="d">BTCTA</subfield>
            <subfield code="d">OCLCG</subfield>
            <subfield code="d">FDA</subfield>
        </datafield>
        <datafield tag="041" ind1="1" ind2=" ">
            <subfield code="a">eng</subfield>
            <subfield code="h">tha</subfield>
        </datafield>
        <datafield tag="050" ind1="0" ind2="0">
            <subfield code="a">BQ2317</subfield>
            <subfield code="b">.W3313 1969</subfield>
        </datafield>
        <datafield tag="100" ind1="0" ind2=" ">
            <subfield code="a">Wachirayānawarōrot,</subfield>
            <subfield code="c">Prince, son of Mongkut, King of Siam, Supreme Patriarch,</subfield>
            <subfield code="d">1860-1921.</subfield>
        </datafield>
        <datafield tag="240" ind1="1" ind2="0">
            <subfield code="a">Winaiyamuk.</subfield>
            <subfield code="l">English</subfield>
        </datafield>
        <datafield tag="245" ind1="1" ind2="4">
            <subfield code="a">The entrance to the Vinaya :</subfield>
            <subfield code="b">Vinayamukha /</subfield>
            <subfield code="c">Somdetch Phra Mahā Samaṇa Chao Krom Phrayā
                Vajirañāṇavarorasa.</subfield>
        </datafield>
        <datafield tag="246" ind1="3" ind2="0">
            <subfield code="a">Vinayamukha</subfield>
        </datafield>
        <datafield tag="250" ind1=" " ind2=" ">
            <subfield code="a">1st English ed.</subfield>
        </datafield>
        <datafield tag="260" ind1=" " ind2=" ">
            <subfield code="a">Bangkok :</subfield>
            <subfield code="b">Mahāmakuṭarājavidyālaya,</subfield>
            <subfield code="c">1969-1983.</subfield>
        </datafield>
        <datafield tag="300" ind1=" " ind2=" ">
            <subfield code="a">3 v. :</subfield>
            <subfield code="b">ports. ;</subfield>
            <subfield code="c">23 cm.</subfield>
        </datafield>
        <datafield tag="500" ind1=" " ind2=" ">
            <subfield code="a">Translation of: Winaiyamuk.</subfield>
            <subfield code="5">FTaSU</subfield>
        </datafield>
        <datafield tag="504" ind1=" " ind2=" ">
            <subfield code="a">Includes bibliographical references and indexes.</subfield>
        </datafield>
        <datafield tag="590" ind1=" " ind2=" ">
            <subfield code="a">Asian Religions Collection.</subfield>
            <subfield code="5">FTaSU</subfield>
        </datafield>
        <datafield tag="630" ind1="0" ind2="0">
            <subfield code="a">Tipiṭaka.</subfield>
            <subfield code="p">Vinayapiṭaka</subfield>
            <subfield code="v">Commentaries.</subfield>
        </datafield>
        <datafield tag="650" ind1=" " ind2="0">
            <subfield code="a">Buddhist monasticism and religious orders</subfield>
            <subfield code="v">Rules.</subfield>
        </datafield>
        <datafield tag="852" ind1="0" ind2=" ">
            <subfield code="a">FTaSU</subfield>
            <subfield code="b">FSULC</subfield>
            <subfield code="c">GEN</subfield>
            <subfield code="h">BQ2317</subfield>
            <subfield code="i">.W3313 1969</subfield>
        </datafield>
        <datafield tag="866" ind1="3" ind2="1">
            <subfield code="b">FSU STROZIER LIBRARY</subfield>
            <subfield code="h">BQ2317</subfield>
            <subfield code="i">.W3313 1969</subfield>
            <subfield code="a">v. 1</subfield>
        </datafield>
        <datafield tag="852" ind1="0" ind2=" ">
            <subfield code="a">FTaSU</subfield>
            <subfield code="b">FSULC</subfield>
            <subfield code="c">GEN</subfield>
            <subfield code="h">BQ2317</subfield>
            <subfield code="i">.W3313 1969</subfield>
        </datafield>
        <datafield tag="951" ind1=" " ind2=" ">
            <subfield code="1">05</subfield>
            <subfield code="a">FSU01:002520617;</subfield>
            <subfield code="5">FTaSU</subfield>
        </datafield>
    </record>