
    <record>
        <leader>01483pam a2200373 i 4500</leader>
        <controlfield tag="001">020772524</controlfield>
        <controlfield tag="004">FSAFL0772001</controlfield>
        <controlfield tag="005">20090722142139.0</controlfield>
        <controlfield tag="008">791011r1980 ctub b 001|0 eng </controlfield>
        <datafield tag="010" ind1=" " ind2=" ">
            <subfield code="a"> 79023801 </subfield>
        </datafield>
        <datafield tag="020" ind1=" " ind2=" ">
            <subfield code="a">0313222088 (lib. bdg.)</subfield>
        </datafield>
        <datafield tag="035" ind1=" " ind2=" ">
            <subfield code="a">(OCoLC)05675718</subfield>
        </datafield>
        <datafield tag="040" ind1=" " ind2=" ">
            <subfield code="a">DLC</subfield>
            <subfield code="c">DLC</subfield>
            <subfield code="d">m.c.</subfield>
        </datafield>
        <datafield tag="043" ind1=" " ind2=" ">
            <subfield code="a">e-fr---</subfield>
        </datafield>
        <datafield tag="050" ind1="0" ind2=" ">
            <subfield code="a">DC151</subfield>
            <subfield code="b">.P5 1980</subfield>
        </datafield>
        <datafield tag="082" ind1="0" ind2=" ">
            <subfield code="a">940.2/7</subfield>
        </datafield>
        <datafield tag="100" ind1="1" ind2=" ">
            <subfield code="a">Phipps, Ramsay Weston,</subfield>
            <subfield code="d">1838-1923.</subfield>
        </datafield>
        <datafield tag="245" ind1="1" ind2="4">
            <subfield code="a">The armies of the first French Republic and the rise of the marshals
                of Napoleon I /</subfield>
            <subfield code="c">by Ramsay Weston Phipps.</subfield>
        </datafield>
        <datafield tag="260" ind1=" " ind2=" ">
            <subfield code="a">Westport, Conn. :</subfield>
            <subfield code="b">Greenwood Press,</subfield>
            <subfield code="c">1980-</subfield>
        </datafield>
        <datafield tag="300" ind1=" " ind2=" ">
            <subfield code="a">v. :</subfield>
            <subfield code="b">fold. maps ;</subfield>
            <subfield code="c">23 cm.</subfield>
        </datafield>
        <datafield tag="500" ind1=" " ind2=" ">
            <subfield code="a">Reprint of the ed. published by Oxford University Press,
                London.</subfield>
            <subfield code="5">FTaSU</subfield>
        </datafield>
        <datafield tag="504" ind1=" " ind2=" ">
            <subfield code="a">Includes bibliographies and indexes.</subfield>
        </datafield>
        <datafield tag="505" ind1="1" ind2=" ">
            <subfield code="a">--v. 2. The Armées de la Moselle, du Rhin, de Sambre-et-Meuse, de
                Rhin-et-Moselle.</subfield>
            <subfield code="5">FTaSU</subfield>
        </datafield>
        <datafield tag="651" ind1=" " ind2="0">
            <subfield code="a">France</subfield>
            <subfield code="x">History, Military</subfield>
            <subfield code="y">1789-1815.</subfield>
        </datafield>
        <datafield tag="610" ind1="1" ind2="0">
            <subfield code="a">France.</subfield>
            <subfield code="b">Armée</subfield>
            <subfield code="x">History.</subfield>
        </datafield>
        <datafield tag="651" ind1=" " ind2="0">
            <subfield code="a">France</subfield>
            <subfield code="x">History</subfield>
            <subfield code="y">Revolution, 1789-1799.</subfield>
        </datafield>
        <datafield tag="651" ind1=" " ind2="0">
            <subfield code="a">France</subfield>
            <subfield code="x">History</subfield>
            <subfield code="y">Directory, 1795-1799.</subfield>
        </datafield>
        <datafield tag="650" ind1=" " ind2="0">
            <subfield code="a">Marshals</subfield>
            <subfield code="z">France.</subfield>
        </datafield>
        <datafield tag="852" ind1="0" ind2=" ">
            <subfield code="a">FTaSU</subfield>
            <subfield code="b">FSULC</subfield>
            <subfield code="c">SUB</subfield>
            <subfield code="h">DC151</subfield>
            <subfield code="i">.P5 1980</subfield>
        </datafield>
        <datafield tag="866" ind1="3" ind2="1">
            <subfield code="b">FSU STROZIER LIBRARY</subfield>
            <subfield code="c">Subbasement - Ask at Circulation</subfield>
            <subfield code="h">DC151</subfield>
            <subfield code="i">.P5 1980</subfield>
            <subfield code="a">v.2-5</subfield>
        </datafield>
        <datafield tag="852" ind1="0" ind2=" ">
            <subfield code="a">FTaSU</subfield>
            <subfield code="b">FSULC</subfield>
            <subfield code="c">SUB</subfield>
            <subfield code="h">DC151</subfield>
            <subfield code="i">.P5 1980</subfield>
        </datafield>
        <datafield tag="852" ind1="0" ind2=" ">
            <subfield code="a">FTaSU</subfield>
            <subfield code="b">FSULC</subfield>
            <subfield code="c">SUB</subfield>
            <subfield code="h">DC151</subfield>
            <subfield code="i">.P5 1980</subfield>
            <subfield code="t">2</subfield>
            <subfield code="x">Withdrawn 07/22/2009 nmd</subfield>
        </datafield>
        <datafield tag="951" ind1=" " ind2=" ">
            <subfield code="1">05</subfield>
            <subfield code="a">FSU01:001015641;</subfield>
            <subfield code="5">FTaSU</subfield>
        </datafield>
        <datafield tag="999" ind1=" " ind2=" ">
            <subfield code="a">AFL0772001</subfield>
        </datafield>
    </record>