
    <record>
        <leader>01662cem a2200433Ia 4500</leader>
        <controlfield tag="001">020847039</controlfield>
        <controlfield tag="004">CFACJ5181001</controlfield>
        <controlfield tag="005">20080124162940.0</controlfield>
        <controlfield tag="007">aj|canzn</controlfield>
        <controlfield tag="008">861125s1976 dcu cc a f 0 eng d</controlfield>
        <datafield tag="019" ind1=" " ind2=" ">
            <subfield code="a">14874436</subfield>
        </datafield>
        <datafield tag="034" ind1="1" ind2=" ">
            <subfield code="a">a</subfield>
            <subfield code="b">8000000</subfield>
            <subfield code="d">W0720000</subfield>
            <subfield code="e">W0600000</subfield>
            <subfield code="f">N0120000</subfield>
            <subfield code="g">N0040000</subfield>
        </datafield>
        <datafield tag="035" ind1=" " ind2=" ">
            <subfield code="a">(OCoLC)14695127</subfield>
        </datafield>
        <datafield tag="040" ind1=" " ind2=" ">
            <subfield code="a">GPO</subfield>
            <subfield code="c">GPO</subfield>
            <subfield code="d">SPI</subfield>
            <subfield code="d">OCL</subfield>
            <subfield code="d">OCLCQ</subfield>
            <subfield code="d">NYDWH</subfield>
        </datafield>
        <datafield tag="043" ind1=" " ind2=" ">
            <subfield code="a">s-ve---</subfield>
        </datafield>
        <datafield tag="050" ind1=" " ind2="4">
            <subfield code="a">G5280 1976</subfield>
            <subfield code="b">.U5</subfield>
        </datafield>
        <datafield tag="052" ind1=" " ind2=" ">
            <subfield code="a">5280</subfield>
        </datafield>
        <datafield tag="074" ind1=" " ind2=" ">
            <subfield code="a">856-A-1</subfield>
        </datafield>
        <datafield tag="086" ind1="0" ind2=" ">
            <subfield code="a">PrEx 3.10/4:V 55/3</subfield>
        </datafield>
        <datafield tag="110" ind1="1" ind2=" ">
            <subfield code="a">United States.</subfield>
            <subfield code="b">Central Intelligence Agency</subfield>
        </datafield>
        <datafield tag="245" ind1="0" ind2="0">
            <subfield code="a">Venezuela.</subfield>
        </datafield>
        <datafield tag="255" ind1=" " ind2=" ">
            <subfield code="a">Scale 1:8,000,000 ; Lambert conformal proj., standard parallels 10 00
                and 2 40</subfield>
            <subfield code="c">(W 72 --W 60 /N 12 --N 4 ).</subfield>
        </datafield>
        <datafield tag="255" ind1=" " ind2=" ">
            <subfield code="a">Scale 1:8,000,000 ;</subfield>
            <subfield code="b">Lambert conformal proj., standard parallels 10⁰00 and 2⁰40</subfield>
            <subfield code="c">(W 72⁰--W 60⁰/N 12⁰--N 4⁰).</subfield>
        </datafield>
        <datafield tag="260" ind1=" " ind2=" ">
            <subfield code="a">[Washington, D.C.? :</subfield>
            <subfield code="b">Central Intelligence Agency,</subfield>
            <subfield code="c">1976]</subfield>
        </datafield>
        <datafield tag="300" ind1=" " ind2=" ">
            <subfield code="a">1 map :</subfield>
            <subfield code="b">col. ;</subfield>
            <subfield code="c">17 x 22 cm., on sheet 28 x 22 cm. ****</subfield>
        </datafield>
        <datafield tag="500" ind1=" " ind2=" ">
            <subfield code="a">Includes airports, railroads, and roads.</subfield>
            <subfield code="5">FJUNF</subfield>
        </datafield>
        <datafield tag="500" ind1=" " ind2=" ">
            <subfield code="a">&quot;502489 1-76 (541398).&quot;</subfield>
            <subfield code="5">FOFT</subfield>
            <subfield code="5">FJUNF</subfield>
        </datafield>
        <datafield tag="500" ind1=" " ind2=" ">
            <subfield code="a">Shipping list no.: 86-859-P.</subfield>
            <subfield code="5">FOFT</subfield>
        </datafield>
        <datafield tag="500" ind1=" " ind2=" ">
            <subfield code="a">Monthly Catalog Number: gp 7003855</subfield>
            <subfield code="5">FOFT</subfield>
        </datafield>
        <datafield tag="651" ind1=" " ind2="0">
            <subfield code="a">Venezuela</subfield>
            <subfield code="v">Maps.</subfield>
        </datafield>
        <datafield tag="710" ind1="1" ind2=" ">
            <subfield code="a">United States.</subfield>
            <subfield code="b">Central Intelligence Agency</subfield>
        </datafield>
        <datafield tag="852" ind1="3" ind2=" ">
            <subfield code="a">FJUNF</subfield>
            <subfield code="b">NFUCD</subfield>
            <subfield code="c">USMAP</subfield>
            <subfield code="h">PrEx3.10/4:V55/3</subfield>
        </datafield>
        <datafield tag="852" ind1="3" ind2=" ">
            <subfield code="a">FOFT</subfield>
            <subfield code="b">CFMGC</subfield>
            <subfield code="c">USMAP</subfield>
            <subfield code="h">PrEx 3.10/4:V 55/3</subfield>
        </datafield>
        <datafield tag="852" ind1="3" ind2=" ">
            <subfield code="a">FJUNF</subfield>
            <subfield code="b">NFUCD</subfield>
            <subfield code="c">USMAP</subfield>
            <subfield code="h">PrEx3.10/4:V55/3</subfield>
        </datafield>
        <datafield tag="852" ind1="3" ind2=" ">
            <subfield code="a">FOFT</subfield>
            <subfield code="b">CFMGC</subfield>
            <subfield code="c">USMAP</subfield>
            <subfield code="h">PrEx 3.10/4:V 55/3</subfield>
        </datafield>
        <datafield tag="098" ind1="9" ind2="8">
            <subfield code="a">PrEx3.10/4:V55/3</subfield>
        </datafield>
        <datafield tag="951" ind1=" " ind2=" ">
            <subfield code="1">07</subfield>
            <subfield code="a">CFU01:000516839;</subfield>
            <subfield code="5">FOFT</subfield>
        </datafield>
        <datafield tag="951" ind1=" " ind2=" ">
            <subfield code="1">09</subfield>
            <subfield code="a">NFU01:000711861;</subfield>
            <subfield code="5">FJUNF</subfield>
        </datafield>
        <datafield tag="999" ind1=" " ind2=" ">
            <subfield code="a">ACJ5181001</subfield>
        </datafield>
    </record>