
    <record>
        <leader>01822nam a2200289I 4500</leader>
        <controlfield tag="001">020886411</controlfield>
        <controlfield tag="004">FSACF2883001</controlfield>
        <controlfield tag="005">20120622222700.0</controlfield>
        <controlfield tag="008">831121s1831 enk 000|0 eng </controlfield>
        <datafield tag="010" ind1=" " ind2=" ">
            <subfield code="a"> 04012989 </subfield>
        </datafield>
        <datafield tag="035" ind1=" " ind2=" ">
            <subfield code="a">(OCoLC)10149216</subfield>
        </datafield>
        <datafield tag="040" ind1=" " ind2=" ">
            <subfield code="a">DLC</subfield>
            <subfield code="c">IAC</subfield>
            <subfield code="d">FDA</subfield>
        </datafield>
        <datafield tag="050" ind1=" " ind2=" ">
            <subfield code="a">DA522.A1</subfield>
            <subfield code="b">M53</subfield>
        </datafield>
        <datafield tag="245" ind1="0" ind2="0">
            <subfield code="a">Memoirs of the late war :</subfield>
            <subfield code="c">comprising the personal narrative of Captain Cooke, of the
                Forty-third regiment light infantry; the history of the campaign of 1809 in
                Portugal, by the Earl of Munster; and a narrative of the campaign of 1814 in
                Holland, by Lieutenant T. [i.e. J.] W. D. Moodie, H. P. 21st fusileers.</subfield>
        </datafield>
        <datafield tag="260" ind1=" " ind2=" ">
            <subfield code="a">London,</subfield>
            <subfield code="b">H. Colburn and R. Bentley,</subfield>
            <subfield code="c">1831.</subfield>
        </datafield>
        <datafield tag="300" ind1=" " ind2=" ">
            <subfield code="a">2 v.</subfield>
            <subfield code="c">20 cm.</subfield>
        </datafield>
        <datafield tag="500" ind1=" " ind2=" ">
            <subfield code="a">Portions originally published in the United Service
                Journal.</subfield>
            <subfield code="5">FTaSU</subfield>
        </datafield>
        <datafield tag="505" ind1="0" ind2=" ">
            <subfield code="a">v. 1. Personal narrative of Captain Cooke.--v. 2 Conclusion of
                Captain Cooke's narrative. Munster, [G. A. F. Fitzclarence] 1st earl of. An account
                of the British campaign of 1809, under Sir Arthur Wellesley, in Portugal and Spain
                [originally published in parts (commencing May 1829) in the United service journal,
                under the title: A revised journal of an officer on the staff of the army] Moodie,
                J. W. D. Narrative of the campaign in Holland in 1814, with details of the attack on
                Bergen-op-Zoom (originally published in the United service journal).</subfield>
            <subfield code="5">FTaSU</subfield>
        </datafield>
        <datafield tag="651" ind1=" " ind2="0">
            <subfield code="a">Europe</subfield>
            <subfield code="x">History</subfield>
            <subfield code="y">1789-1815.</subfield>
        </datafield>
        <datafield tag="700" ind1="1" ind2=" ">
            <subfield code="a">Cooke, John.</subfield>
        </datafield>
        <datafield tag="700" ind1="1" ind2=" ">
            <subfield code="a">Munster, George Augustus Frederick Fitzclarence,</subfield>
            <subfield code="c">Earl of,</subfield>
            <subfield code="d">1794-1842.</subfield>
        </datafield>
        <datafield tag="700" ind1="1" ind2=" ">
            <subfield code="a">Moodie, John Wedderburn Dunbar,</subfield>
            <subfield code="d">1797-1869.</subfield>
        </datafield>
        <datafield tag="852" ind1="0" ind2=" ">
            <subfield code="a">FTaSU</subfield>
            <subfield code="b">FSUSP</subfield>
            <subfield code="c">NAP</subfield>
            <subfield code="h">DA522.A1</subfield>
            <subfield code="i">M53</subfield>
            <subfield code="x">vf</subfield>
        </datafield>
        <datafield tag="866" ind1="3" ind2="1">
            <subfield code="b">FSU STROZIER, Special Coll</subfield>
            <subfield code="c">Napoleon</subfield>
            <subfield code="h">DA522.A1</subfield>
            <subfield code="i">M53</subfield>
            <subfield code="a">v. 1-2</subfield>
        </datafield>
        <datafield tag="852" ind1="0" ind2=" ">
            <subfield code="a">FTaSU</subfield>
            <subfield code="b">FSUSP</subfield>
            <subfield code="c">NAP</subfield>
            <subfield code="h">DA522.A1</subfield>
            <subfield code="i">M53</subfield>
            <subfield code="x">vf</subfield>
        </datafield>
        <datafield tag="951" ind1=" " ind2=" ">
            <subfield code="1">05</subfield>
            <subfield code="a">FSU01:000517614;</subfield>
            <subfield code="5">FTaSU</subfield>
        </datafield>
        <datafield tag="999" ind1=" " ind2=" ">
            <subfield code="a">ACF2883001</subfield>
        </datafield>
    </record>