
    <record>
        <leader>00945nam a2200289I 4500</leader>
        <controlfield tag="001">021040405</controlfield>
        <controlfield tag="004">FSACF5807001</controlfield>
        <controlfield tag="005">20120622223800.0</controlfield>
        <controlfield tag="008">840117s1948 fr 000|0 fre c</controlfield>
        <datafield tag="010" ind1=" " ind2=" ">
            <subfield code="a">a 49001859 </subfield>
        </datafield>
        <datafield tag="035" ind1=" " ind2=" ">
            <subfield code="a">(OCoLC)10308494</subfield>
        </datafield>
        <datafield tag="040" ind1=" " ind2=" ">
            <subfield code="a">New York. Public Libr.</subfield>
            <subfield code="c">FDA</subfield>
        </datafield>
        <datafield tag="050" ind1="1" ind2=" ">
            <subfield code="a">DC239</subfield>
            <subfield code="b">.B</subfield>
        </datafield>
        <datafield tag="090" ind1=" " ind2=" ">
            <subfield code="a">DC239</subfield>
            <subfield code="b">.B28</subfield>
        </datafield>
        <datafield tag="100" ind1="1" ind2=" ">
            <subfield code="a">Bainville, Jacques,</subfield>
            <subfield code="d">1879-1936.</subfield>
        </datafield>
        <datafield tag="245" ind1="1" ind2="0">
            <subfield code="a">Comment s'est faite la Restauration de 1814.</subfield>
        </datafield>
        <datafield tag="260" ind1=" " ind2=" ">
            <subfield code="a">Paris,</subfield>
            <subfield code="b">Les Îles d'or,</subfield>
            <subfield code="c">1948.</subfield>
        </datafield>
        <datafield tag="300" ind1=" " ind2=" ">
            <subfield code="a">48 p.</subfield>
            <subfield code="c">20 cm.</subfield>
        </datafield>
        <datafield tag="440" ind1=" " ind2="0">
            <subfield code="a">Collection typographique,</subfield>
            <subfield code="v">5</subfield>
            <subfield code="5">FTaSU</subfield>
        </datafield>
        <datafield tag="500" ind1=" " ind2=" ">
            <subfield code="a">Les Îles d'or.</subfield>
            <subfield code="5">FTaSU</subfield>
        </datafield>
        <datafield tag="500" ind1=" " ind2=" ">
            <subfield code="a">Spine title: La Restauration de 1814.</subfield>
            <subfield code="5">FTaSU</subfield>
        </datafield>
        <datafield tag="651" ind1=" " ind2="0">
            <subfield code="a">France</subfield>
            <subfield code="x">History</subfield>
            <subfield code="y">Restoration, 1814-1830.</subfield>
        </datafield>
        <datafield tag="740" ind1="3" ind2="1">
            <subfield code="a">La Restauration de 1814, [i.e. dix-huit cent quatorze]</subfield>
        </datafield>
        <datafield tag="852" ind1="0" ind2=" ">
            <subfield code="a">FTaSU</subfield>
            <subfield code="b">FSUSP</subfield>
            <subfield code="c">NAP</subfield>
            <subfield code="h">DC239</subfield>
            <subfield code="i">.B28</subfield>
        </datafield>
        <datafield tag="852" ind1="0" ind2=" ">
            <subfield code="a">FTaSU</subfield>
            <subfield code="b">FSUSP</subfield>
            <subfield code="c">NAP</subfield>
            <subfield code="h">DC239</subfield>
            <subfield code="i">.B28</subfield>
        </datafield>
        <datafield tag="951" ind1=" " ind2=" ">
            <subfield code="1">05</subfield>
            <subfield code="a">FSU01:000520460;</subfield>
            <subfield code="5">FTaSU</subfield>
        </datafield>
        <datafield tag="999" ind1=" " ind2=" ">
            <subfield code="a">ACF5807001</subfield>
        </datafield>
    </record>