
    <record>
        <leader>02643cam a2200685 4500</leader>
        <controlfield tag="001">021087039</controlfield>
        <controlfield tag="004">NFAAF2308001</controlfield>
        <controlfield tag="005">20120623072100.0</controlfield>
        <controlfield tag="008">720601s1972 nyu 001 0 eng </controlfield>
        <datafield tag="010" ind1=" " ind2=" ">
            <subfield code="a"> 73150929 </subfield>
        </datafield>
        <datafield tag="035" ind1=" " ind2="9">
            <subfield code="a">(OCoLC)00334193</subfield>
        </datafield>
        <datafield tag="035" ind1=" " ind2=" ">
            <subfield code="a">(OCoLC)00334193</subfield>
        </datafield>
        <datafield tag="040" ind1=" " ind2=" ">
            <subfield code="a">DLC</subfield>
            <subfield code="c">DLC</subfield>
            <subfield code="d">FCM</subfield>
        </datafield>
        <datafield tag="041" ind1="1" ind2=" ">
            <subfield code="a">engfre</subfield>
        </datafield>
        <datafield tag="043" ind1=" " ind2=" ">
            <subfield code="a">e-fr---</subfield>
        </datafield>
        <datafield tag="050" ind1="0" ind2=" ">
            <subfield code="a">DC158.8</subfield>
            <subfield code="b">.S6213</subfield>
        </datafield>
        <datafield tag="082" ind1="0" ind2=" ">
            <subfield code="a">944.04/2</subfield>
        </datafield>
        <datafield tag="090" ind1=" " ind2=" ">
            <subfield code="a">DC158.8</subfield>
            <subfield code="b">.S6213</subfield>
        </datafield>
        <datafield tag="100" ind1="1" ind2=" ">
            <subfield code="a">Soboul, Albert.</subfield>
        </datafield>
        <datafield tag="240" ind1="1" ind2="4">
            <subfield code="a">Les Sans-culottes parisiens en l'an II. English</subfield>
        </datafield>
        <datafield tag="245" ind1="1" ind2="4">
            <subfield code="a">The sans-culottes;</subfield>
            <subfield code="b">the popular movement and revolutionary government,
                1793-1794.</subfield>
            <subfield code="c">Translated by Rémy Inglis Hall.</subfield>
        </datafield>
        <datafield tag="260" ind1=" " ind2=" ">
            <subfield code="a">Garden City, N.Y.,</subfield>
            <subfield code="b">Anchor Books,</subfield>
            <subfield code="c">1972.</subfield>
        </datafield>
        <datafield tag="300" ind1=" " ind2=" ">
            <subfield code="a">xxxix, 279 p.</subfield>
            <subfield code="c">19 cm.</subfield>
        </datafield>
        <datafield tag="500" ind1=" " ind2=" ">
            <subfield code="a">Translation of Les Sans-culottes parisiens en l'an II.</subfield>
            <subfield code="5">FTaFA</subfield>
            <subfield code="5">FJUNF</subfield>
            <subfield code="5">FBoU</subfield>
            <subfield code="5">FTaSU</subfield>
            <subfield code="5">FTS</subfield>
            <subfield code="5">FU</subfield>
        </datafield>
        <datafield tag="583" ind1="1" ind2=" ">
            <subfield code="5">flgafar</subfield>
            <subfield code="a">committed to retain</subfield>
            <subfield code="c">20140310</subfield>
            <subfield code="d">committed to retain permanently</subfield>
            <subfield code="f">FLARE</subfield>
            <subfield code="j">FSTO</subfield>
        </datafield>
        <datafield tag="583" ind1="1" ind2=" ">
            <subfield code="5">flgafar</subfield>
            <subfield code="a">condition reviewed</subfield>
            <subfield code="c">20140310</subfield>
            <subfield code="f">FLARE</subfield>
            <subfield code="j">FSTO</subfield>
        </datafield>
        <datafield tag="650" ind1=" " ind2="0">
            <subfield code="a">Sansculottes.</subfield>
        </datafield>
        <datafield tag="651" ind1=" " ind2="0">
            <subfield code="a">France</subfield>
            <subfield code="x">History</subfield>
            <subfield code="y">Revolution, 1789-1799.</subfield>
        </datafield>
        <datafield tag="651" ind1=" " ind2="0">
            <subfield code="a">Paris (France)</subfield>
            <subfield code="x">History</subfield>
            <subfield code="y">1789-1799.</subfield>
        </datafield>
        <datafield tag="651" ind1=" " ind2="0">
            <subfield code="a">France</subfield>
            <subfield code="x">History</subfield>
            <subfield code="y">Reign of Terror, 1793-1794.</subfield>
        </datafield>
        <datafield tag="651" ind1=" " ind2="0">
            <subfield code="a">France</subfield>
            <subfield code="x">History</subfield>
            <subfield code="y">1789-1799.</subfield>
        </datafield>
        <datafield tag="852" ind1="0" ind2=" ">
            <subfield code="a">FJUNF</subfield>
            <subfield code="b">NFUCC</subfield>
            <subfield code="c">GENL</subfield>
            <subfield code="h">DC158.8</subfield>
            <subfield code="i">.S6213</subfield>
        </datafield>
        <datafield tag="852" ind1="0" ind2=" ">
            <subfield code="a">FTaFA</subfield>
            <subfield code="b">AMCOL</subfield>
            <subfield code="c">COGC</subfield>
            <subfield code="h">DC158.8</subfield>
            <subfield code="i">.S6213</subfield>
        </datafield>
        <datafield tag="852" ind1="0" ind2=" ">
            <subfield code="a">FBoU</subfield>
            <subfield code="b">FABOC</subfield>
            <subfield code="c">GEN</subfield>
            <subfield code="h">DC158.8</subfield>
            <subfield code="i">.S6213</subfield>
        </datafield>
        <datafield tag="852" ind1="0" ind2=" ">
            <subfield code="a">FTS</subfield>
            <subfield code="b">SFTMP</subfield>
            <subfield code="c">GEN</subfield>
            <subfield code="h">DC158.8</subfield>
            <subfield code="i">.S6213</subfield>
        </datafield>
        <datafield tag="852" ind1="0" ind2=" ">
            <subfield code="a">FTaSU</subfield>
            <subfield code="b">FSUSP</subfield>
            <subfield code="c">NAP</subfield>
            <subfield code="h">DC158.8</subfield>
            <subfield code="i">.S6213</subfield>
        </datafield>
        <datafield tag="852" ind1=" " ind2=" ">
            <subfield code="a">FlGaFAR</subfield>
            <subfield code="b">FLARE</subfield>
            <subfield code="c">TRAY</subfield>
        </datafield>
        <datafield tag="852" ind1="1" ind2=" ">
            <subfield code="a">FU</subfield>
            <subfield code="b">UFSME</subfield>
            <subfield code="c">GEN</subfield>
            <subfield code="h">944.041</subfield>
            <subfield code="i">Sob</subfield>
            <subfield code="x">gift per ppm</subfield>
        </datafield>
        <datafield tag="852" ind1="0" ind2=" ">
            <subfield code="a">FJUNF</subfield>
            <subfield code="b">NFUCC</subfield>
            <subfield code="c">GENL</subfield>
            <subfield code="h">DC158.8</subfield>
            <subfield code="i">.S6213</subfield>
        </datafield>
        <datafield tag="852" ind1="0" ind2=" ">
            <subfield code="a">FTaFA</subfield>
            <subfield code="b">AMCOL</subfield>
            <subfield code="c">COGC</subfield>
            <subfield code="h">DC158.8</subfield>
            <subfield code="i">.S6213</subfield>
        </datafield>
        <datafield tag="852" ind1="0" ind2=" ">
            <subfield code="a">FBoU</subfield>
            <subfield code="b">FABOC</subfield>
            <subfield code="c">GEN</subfield>
            <subfield code="h">DC158.8</subfield>
            <subfield code="i">.S6213</subfield>
        </datafield>
        <datafield tag="852" ind1="0" ind2=" ">
            <subfield code="a">FTS</subfield>
            <subfield code="b">SFTMP</subfield>
            <subfield code="c">GEN</subfield>
            <subfield code="h">DC158.8</subfield>
            <subfield code="i">.S6213</subfield>
        </datafield>
        <datafield tag="852" ind1="0" ind2=" ">
            <subfield code="a">FTaSU</subfield>
            <subfield code="b">FSULC</subfield>
            <subfield code="c">GEN</subfield>
            <subfield code="h">DC158.8</subfield>
            <subfield code="i">.S6213</subfield>
            <subfield code="x">Withdrawn 09/27/2011 jm</subfield>
        </datafield>
        <datafield tag="852" ind1="0" ind2=" ">
            <subfield code="a">FTaSU</subfield>
            <subfield code="b">FSUSP</subfield>
            <subfield code="c">NAP</subfield>
            <subfield code="h">DC158.8</subfield>
            <subfield code="i">.S6213</subfield>
        </datafield>
        <datafield tag="852" ind1=" " ind2=" ">
            <subfield code="a">FlGaFAR</subfield>
            <subfield code="b">FLARE</subfield>
            <subfield code="c">TRAY</subfield>
        </datafield>
        <datafield tag="852" ind1="1" ind2=" ">
            <subfield code="a">FU</subfield>
            <subfield code="b">UFSTO</subfield>
            <subfield code="c">UFFLR</subfield>
            <subfield code="h">944.041</subfield>
            <subfield code="i">S677sEh</subfield>
        </datafield>
        <datafield tag="852" ind1=" " ind2=" ">
            <subfield code="a">FU</subfield>
            <subfield code="b">UFSTO</subfield>
            <subfield code="c">GEN</subfield>
            <subfield code="h">944.041</subfield>
            <subfield code="i">S677sEh</subfield>
            <subfield code="x">wd 5-01 tlh/hl per F.DiTrolio</subfield>
            <subfield code="z">See Circulation Desk, Library West for retrieval or
                access.</subfield>
        </datafield>
        <datafield tag="852" ind1="1" ind2=" ">
            <subfield code="a">FU</subfield>
            <subfield code="b">UFSME</subfield>
            <subfield code="c">GEN</subfield>
            <subfield code="h">944.041</subfield>
            <subfield code="i">Sob</subfield>
            <subfield code="x">gift per ppm</subfield>
        </datafield>
        <datafield tag="951" ind1=" " ind2=" ">
            <subfield code="1">01</subfield>
            <subfield code="a">AMU01:000040843;</subfield>
            <subfield code="5">FTaFA</subfield>
        </datafield>
        <datafield tag="951" ind1=" " ind2=" ">
            <subfield code="1">02</subfield>
            <subfield code="a">FAU01:000058382;</subfield>
            <subfield code="5">FBoU</subfield>
        </datafield>
        <datafield tag="951" ind1=" " ind2=" ">
            <subfield code="1">05</subfield>
            <subfield code="a">FSU01:000075338;</subfield>
            <subfield code="5">FTaSU</subfield>
        </datafield>
        <datafield tag="951" ind1=" " ind2=" ">
            <subfield code="1">09</subfield>
            <subfield code="a">NFU01:000050626;</subfield>
            <subfield code="5">FJUNF</subfield>
        </datafield>
        <datafield tag="951" ind1=" " ind2=" ">
            <subfield code="1">10</subfield>
            <subfield code="a">SFU01:000082759;</subfield>
            <subfield code="5">FTS</subfield>
        </datafield>
        <datafield tag="951" ind1=" " ind2=" ">
            <subfield code="1">08</subfield>
            <subfield code="a">UFU01:000391449;</subfield>
            <subfield code="5">FU</subfield>
        </datafield>
        <datafield tag="999" ind1=" " ind2=" ">
            <subfield code="a">AAF2308001</subfield>
        </datafield>
        <datafield tag="999" ind1=" " ind2=" ">
            <subfield code="a">AAE1121001</subfield>
        </datafield>
        <datafield tag="999" ind1=" " ind2=" ">
            <subfield code="a">AAG1958001</subfield>
        </datafield>
        <datafield tag="999" ind1=" " ind2=" ">
            <subfield code="a">AAL3104001</subfield>
        </datafield>
        <datafield tag="999" ind1=" " ind2=" ">
            <subfield code="a">AAH7444002</subfield>
        </datafield>
        <datafield tag="999" ind1=" " ind2=" ">
            <subfield code="a">ACD6276003</subfield>
        </datafield>
    </record>