
    <record>
        <leader>00931nam a2200241K 4500</leader>
        <controlfield tag="001">021089863</controlfield>
        <controlfield tag="004">FSAFN2137001</controlfield>
        <controlfield tag="005">20090407164309.0</controlfield>
        <controlfield tag="008">841016s1841 enk 000|0 eng d</controlfield>
        <datafield tag="035" ind1=" " ind2=" ">
            <subfield code="a">(OCoLC)11268552</subfield>
        </datafield>
        <datafield tag="040" ind1=" " ind2=" ">
            <subfield code="a">LFM</subfield>
            <subfield code="c">LFM</subfield>
            <subfield code="d">FDA</subfield>
        </datafield>
        <datafield tag="090" ind1=" " ind2=" ">
            <subfield code="a">DC231</subfield>
            <subfield code="b">.W98 sup.</subfield>
        </datafield>
        <datafield tag="100" ind1="1" ind2=" ">
            <subfield code="a">Wyld, James,</subfield>
            <subfield code="d">1812-1887,</subfield>
            <subfield code="e">publisher.</subfield>
        </datafield>
        <datafield tag="245" ind1="1" ind2="0">
            <subfield code="a">Memoir annexed to an Atlas containing plans of the principal battles,
                sieges and affairs,</subfield>
            <subfield code="b">in which the British troops were engaged during the war in the
                Spanish peninsula and the south of France, from 1808 to 1814.</subfield>
        </datafield>
        <datafield tag="260" ind1=" " ind2=" ">
            <subfield code="a">London,</subfield>
            <subfield code="b">J. Wyld,</subfield>
            <subfield code="c">1841.</subfield>
        </datafield>
        <datafield tag="300" ind1=" " ind2=" ">
            <subfield code="a">xii, 205 p.</subfield>
            <subfield code="c">31 cm.</subfield>
        </datafield>
        <datafield tag="650" ind1=" " ind2="0">
            <subfield code="a">Peninsular War, 1807-1814.</subfield>
        </datafield>
        <datafield tag="700" ind1="1" ind2=" ">
            <subfield code="a">Mitchell, T. L.</subfield>
            <subfield code="q">(Thomas Livingstone),</subfield>
            <subfield code="d">1792-1855.</subfield>
        </datafield>
        <datafield tag="740" ind1="0" ind2=" ">
            <subfield code="a">Atlas of battles.</subfield>
        </datafield>
        <datafield tag="852" ind1="0" ind2=" ">
            <subfield code="a">FTaSU</subfield>
            <subfield code="b">FSUSP</subfield>
            <subfield code="c">NAPO</subfield>
            <subfield code="h">DC231</subfield>
            <subfield code="i">.W98 sup</subfield>
        </datafield>
        <datafield tag="852" ind1="0" ind2=" ">
            <subfield code="a">FTaSU</subfield>
            <subfield code="b">FSUSP</subfield>
            <subfield code="c">NAPO</subfield>
            <subfield code="h">DC231</subfield>
            <subfield code="i">.W98 sup</subfield>
        </datafield>
        <datafield tag="951" ind1=" " ind2=" ">
            <subfield code="1">05</subfield>
            <subfield code="a">FSU01:001022734;</subfield>
            <subfield code="5">FTaSU</subfield>
        </datafield>
        <datafield tag="999" ind1=" " ind2=" ">
            <subfield code="a">AFN2137001</subfield>
        </datafield>
    </record>