
    <record>
        <leader>00796nam a2200241K 4500</leader>
        <controlfield tag="001">021152098</controlfield>
        <controlfield tag="004">FSAFN4911001</controlfield>
        <controlfield tag="005">20120622224500.0</controlfield>
        <controlfield tag="008">880614s1942 fr b 000|0bfre d</controlfield>
        <datafield tag="010" ind1=" " ind2=" ">
            <subfield code="a"> 49040218 </subfield>
        </datafield>
        <datafield tag="035" ind1=" " ind2=" ">
            <subfield code="a">(OCoLC)18081398</subfield>
        </datafield>
        <datafield tag="040" ind1=" " ind2=" ">
            <subfield code="a">EEM</subfield>
            <subfield code="c">EEM</subfield>
            <subfield code="d">FDA</subfield>
        </datafield>
        <datafield tag="090" ind1=" " ind2=" ">
            <subfield code="a">DC216.95.R3</subfield>
            <subfield code="b">B4 1942</subfield>
        </datafield>
        <datafield tag="100" ind1="1" ind2=" ">
            <subfield code="a">Dupont, Marcel,</subfield>
            <subfield code="d">1879-</subfield>
        </datafield>
        <datafield tag="245" ind1="1" ind2="0">
            <subfield code="a">Pauline Fourès, une maîtresse de Napoléon</subfield>
            <subfield code="c">[par] Marcel Dupont[pseud.]</subfield>
        </datafield>
        <datafield tag="260" ind1=" " ind2=" ">
            <subfield code="a">[Paris]</subfield>
            <subfield code="b">Hachette</subfield>
            <subfield code="c">[1942]</subfield>
        </datafield>
        <datafield tag="300" ind1=" " ind2=" ">
            <subfield code="a">255 p.</subfield>
            <subfield code="c">20 cm.</subfield>
        </datafield>
        <datafield tag="504" ind1=" " ind2=" ">
            <subfield code="a">&quot;Bibliographie&quot;: p. [254]-255.</subfield>
        </datafield>
        <datafield tag="600" ind1="1" ind2="0">
            <subfield code="a">Ranchoup, Marguerite Pauline Bellisle,</subfield>
            <subfield code="c">comtesse de,</subfield>
            <subfield code="d">1778-1869.</subfield>
        </datafield>
        <datafield tag="852" ind1="0" ind2=" ">
            <subfield code="a">FTaSU</subfield>
            <subfield code="b">FSUSP</subfield>
            <subfield code="c">NAP</subfield>
            <subfield code="h">DC216.95.R3</subfield>
            <subfield code="i">B4 1942</subfield>
        </datafield>
        <datafield tag="852" ind1="0" ind2=" ">
            <subfield code="a">FTaSU</subfield>
            <subfield code="b">FSUSP</subfield>
            <subfield code="c">NAP</subfield>
            <subfield code="h">DC216.95.R3</subfield>
            <subfield code="i">B4 1942</subfield>
        </datafield>
        <datafield tag="951" ind1=" " ind2=" ">
            <subfield code="1">05</subfield>
            <subfield code="a">FSU01:001024645;</subfield>
            <subfield code="5">FTaSU</subfield>
        </datafield>
        <datafield tag="999" ind1=" " ind2=" ">
            <subfield code="a">AFN4911001</subfield>
        </datafield>
    </record>