
    <record>
        <leader>01616cam a2200433I 4500</leader>
        <controlfield tag="001">021158485</controlfield>
        <controlfield tag="004">UFADC8362001</controlfield>
        <controlfield tag="005">20110228141216.0</controlfield>
        <controlfield tag="008">720120s1910 mau 000 0 eng d</controlfield>
        <datafield tag="010" ind1=" " ind2=" ">
            <subfield code="a">10029715</subfield>
        </datafield>
        <datafield tag="019" ind1=" " ind2=" ">
            <subfield code="a">1131257</subfield>
        </datafield>
        <datafield tag="035" ind1=" " ind2=" ">
            <subfield code="a">(OCoLC)00224342</subfield>
        </datafield>
        <datafield tag="040" ind1=" " ind2=" ">
            <subfield code="a">URB</subfield>
            <subfield code="c">URB</subfield>
            <subfield code="d">OCL</subfield>
            <subfield code="d">OUN</subfield>
            <subfield code="d">MKN</subfield>
            <subfield code="d">NRC</subfield>
            <subfield code="d">ICA</subfield>
            <subfield code="d">OCL</subfield>
            <subfield code="d">OCLCQ</subfield>
            <subfield code="d">NZ1</subfield>
            <subfield code="d">OCLCG</subfield>
            <subfield code="d">NIALS</subfield>
            <subfield code="d">KRTAS</subfield>
            <subfield code="d">AMAZN</subfield>
        </datafield>
        <datafield tag="050" ind1="0" ind2=" ">
            <subfield code="a">DC203</subfield>
            <subfield code="b">.A12</subfield>
        </datafield>
        <datafield tag="082" ind1=" " ind2="4">
            <subfield code="a">944.046</subfield>
        </datafield>
        <datafield tag="090" ind1=" " ind2=" ">
            <subfield code="a">DC203</subfield>
            <subfield code="b">.N12</subfield>
        </datafield>
        <datafield tag="099" ind1=" " ind2=" ">
            <subfield code="a">B</subfield>
            <subfield code="a">N216n1j</subfield>
        </datafield>
        <datafield tag="100" ind1="0" ind2=" ">
            <subfield code="a">Napoleon</subfield>
            <subfield code="b">I,</subfield>
            <subfield code="c">Emperor of the French,</subfield>
            <subfield code="d">1769-1821.</subfield>
        </datafield>
        <datafield tag="245" ind1="1" ind2="4">
            <subfield code="a">The Corsican;</subfield>
            <subfield code="b">a diary of Napoleon's life in his own words ...</subfield>
        </datafield>
        <datafield tag="250" ind1=" " ind2=" ">
            <subfield code="a">[1st ed.].</subfield>
        </datafield>
        <datafield tag="260" ind1=" " ind2=" ">
            <subfield code="a">Boston,</subfield>
            <subfield code="a">New York,</subfield>
            <subfield code="b">Houghton Mifflin,</subfield>
            <subfield code="c">1910.</subfield>
        </datafield>
        <datafield tag="300" ind1=" " ind2=" ">
            <subfield code="a">vi, 526 p.</subfield>
        </datafield>
        <datafield tag="500" ind1=" " ind2=" ">
            <subfield code="a">Compiled by R. M. Johnston.</subfield>
            <subfield code="5">FTaSU</subfield>
            <subfield code="5">FTS</subfield>
        </datafield>
        <datafield tag="530" ind1=" " ind2=" ">
            <subfield code="a">Also issued online.</subfield>
            <subfield code="5">FTS</subfield>
        </datafield>
        <datafield tag="600" ind1="0" ind2="0">
            <subfield code="a">Napoleon</subfield>
            <subfield code="b">I,</subfield>
            <subfield code="c">Emperor of the French,</subfield>
            <subfield code="d">1769-1821.</subfield>
        </datafield>
        <datafield tag="700" ind1="1" ind2=" ">
            <subfield code="a">Johnston, Robert Matteson,</subfield>
            <subfield code="d">1867-1920,</subfield>
            <subfield code="e">comp.</subfield>
        </datafield>
        <datafield tag="700" ind1="1" ind2=" ">
            <subfield code="a">Johnston, R. M.</subfield>
            <subfield code="q">(Robert Matteson),</subfield>
            <subfield code="d">1867-1920,</subfield>
            <subfield code="e">comp.</subfield>
        </datafield>
        <datafield tag="776" ind1="0" ind2="8">
            <subfield code="i">Online version:</subfield>
            <subfield code="a">Napoleon I, Emperor of the French, 1769-1821.</subfield>
            <subfield code="t">Corsican.</subfield>
            <subfield code="b">[1st ed.]</subfield>
            <subfield code="d">Boston, New York, Houghton Mifflin, 1910</subfield>
            <subfield code="w">(OCoLC)565971882</subfield>
        </datafield>
        <datafield tag="852" ind1="0" ind2=" ">
            <subfield code="a">FU</subfield>
            <subfield code="b">UFSWE</subfield>
            <subfield code="c">GEN</subfield>
            <subfield code="h">DC203</subfield>
            <subfield code="i">.A12</subfield>
        </datafield>
        <datafield tag="852" ind1="0" ind2=" ">
            <subfield code="a">FTaSU</subfield>
            <subfield code="b">FSUSP</subfield>
            <subfield code="c">NAP</subfield>
            <subfield code="h">DC203</subfield>
            <subfield code="i">.N12</subfield>
        </datafield>
        <datafield tag="852" ind1="0" ind2=" ">
            <subfield code="a">FTS</subfield>
            <subfield code="b">SFTMP</subfield>
            <subfield code="c">GEN</subfield>
            <subfield code="h">D213.2</subfield>
            <subfield code="i">.J6 1910</subfield>
        </datafield>
        <datafield tag="852" ind1="0" ind2=" ">
            <subfield code="a">FU</subfield>
            <subfield code="b">UFSWE</subfield>
            <subfield code="c">GEN</subfield>
            <subfield code="h">DC203</subfield>
            <subfield code="i">.A12</subfield>
        </datafield>
        <datafield tag="852" ind1="0" ind2=" ">
            <subfield code="a">FTaSU</subfield>
            <subfield code="b">FSUSP</subfield>
            <subfield code="c">NAP</subfield>
            <subfield code="h">DC203</subfield>
            <subfield code="i">.N12</subfield>
        </datafield>
        <datafield tag="852" ind1="0" ind2=" ">
            <subfield code="a">FTS</subfield>
            <subfield code="b">SFTMP</subfield>
            <subfield code="c">GEN</subfield>
            <subfield code="h">D213.2</subfield>
            <subfield code="i">.J6 1910</subfield>
        </datafield>
        <datafield tag="951" ind1=" " ind2=" ">
            <subfield code="1">05</subfield>
            <subfield code="a">FSU01:000050263;</subfield>
            <subfield code="5">FTaSU</subfield>
        </datafield>
        <datafield tag="951" ind1=" " ind2=" ">
            <subfield code="1">10</subfield>
            <subfield code="a">SFU01:002417123;</subfield>
            <subfield code="5">FTS</subfield>
        </datafield>
        <datafield tag="951" ind1=" " ind2=" ">
            <subfield code="1">08</subfield>
            <subfield code="a">UFU01:000599377;</subfield>
            <subfield code="5">FU</subfield>
        </datafield>
        <datafield tag="999" ind1=" " ind2=" ">
            <subfield code="a">ADC8362001</subfield>
        </datafield>
        <datafield tag="999" ind1=" " ind2=" ">
            <subfield code="a">AAF1742001</subfield>
        </datafield>
    </record>