
    <record>
        <leader>01375nam a2200301 a 4500</leader>
        <controlfield tag="001">021162937</controlfield>
        <controlfield tag="004">FSAFN5263001</controlfield>
        <controlfield tag="005">20120622224500.0</controlfield>
        <controlfield tag="008">891206r19801980fr 000|0 fre d</controlfield>
        <datafield tag="035" ind1=" " ind2=" ">
            <subfield code="a">(OCoLC)22753276</subfield>
        </datafield>
        <datafield tag="040" ind1=" " ind2=" ">
            <subfield code="a">FDA</subfield>
            <subfield code="c">FDA</subfield>
        </datafield>
        <datafield tag="090" ind1=" " ind2=" ">
            <subfield code="a">DC203.9</subfield>
            <subfield code="b">.B39 1980</subfield>
        </datafield>
        <datafield tag="100" ind1="1" ind2=" ">
            <subfield code="a">Beaucour, Fernand Emile.</subfield>
        </datafield>
        <datafield tag="245" ind1="1" ind2="0">
            <subfield code="a">Napoléon et les Journaux Anglais à Pont-de-Briques, en aoùt 1805
                /</subfield>
            <subfield code="c">par Fernand-Emile Beaucour.</subfield>
        </datafield>
        <datafield tag="260" ind1=" " ind2=" ">
            <subfield code="a">Caen :</subfield>
            <subfield code="b">Sociétés Savantes,</subfield>
            <subfield code="c">1980.</subfield>
        </datafield>
        <datafield tag="300" ind1=" " ind2=" ">
            <subfield code="a">p. [231]-241 :</subfield>
            <subfield code="b">ill. ;</subfield>
            <subfield code="c">23 cm.</subfield>
        </datafield>
        <datafield tag="500" ind1=" " ind2=" ">
            <subfield code="a">Caption title.</subfield>
            <subfield code="5">FTaSU</subfield>
        </datafield>
        <datafield tag="500" ind1=" " ind2=" ">
            <subfield code="a">[Extrait de] 105e Congrès National des Sociétés Savantes. Caen, 1980,
                Hist. mod., t.I, p. 231-241.</subfield>
            <subfield code="5">FTaSU</subfield>
        </datafield>
        <datafield tag="504" ind1=" " ind2=" ">
            <subfield code="a">Includes bibliographical references.</subfield>
        </datafield>
        <datafield tag="590" ind1=" " ind2=" ">
            <subfield code="a">Preliminary p. stamped: Centre d'Etudes napoleoniennes. Le Directeur.
                N.</subfield>
            <subfield code="5">FTaSU</subfield>
        </datafield>
        <datafield tag="590" ind1=" " ind2=" ">
            <subfield code="a">Library's copy autographed by author and inscribed to the Florida
                State University Library Strozier ... 1989.</subfield>
            <subfield code="5">FTaSU</subfield>
        </datafield>
        <datafield tag="600" ind1="0" ind2="0">
            <subfield code="a">Napoleon</subfield>
            <subfield code="b">I,</subfield>
            <subfield code="c">Emperor of the French,</subfield>
            <subfield code="d">1769-1821</subfield>
            <subfield code="x">Books and reading.</subfield>
        </datafield>
        <datafield tag="650" ind1=" " ind2="0">
            <subfield code="a">English periodicals</subfield>
            <subfield code="x">History</subfield>
            <subfield code="y">19th century.</subfield>
        </datafield>
        <datafield tag="730" ind1="0" ind2=" ">
            <subfield code="a">Congrès national des Sociétés.</subfield>
            <subfield code="n">105e.</subfield>
        </datafield>
        <datafield tag="852" ind1="0" ind2=" ">
            <subfield code="a">FTaSU</subfield>
            <subfield code="b">FSULC</subfield>
            <subfield code="c">GEN</subfield>
            <subfield code="h">DC203.9</subfield>
            <subfield code="i">.B39 1980</subfield>
            <subfield code="x">Shelved in Subbasement</subfield>
        </datafield>
        <datafield tag="852" ind1="0" ind2=" ">
            <subfield code="a">FTaSU</subfield>
            <subfield code="b">FSULC</subfield>
            <subfield code="c">GEN</subfield>
            <subfield code="h">DC203.9</subfield>
            <subfield code="i">.B39 1980</subfield>
            <subfield code="x">Shelved in Subbasement</subfield>
        </datafield>
        <datafield tag="951" ind1=" " ind2=" ">
            <subfield code="1">05</subfield>
            <subfield code="a">FSU01:001024978;</subfield>
            <subfield code="5">FTaSU</subfield>
        </datafield>
        <datafield tag="999" ind1=" " ind2=" ">
            <subfield code="a">AFN5263001</subfield>
        </datafield>
    </record>