
    <record>
        <leader>00738nam a2200229K 4500</leader>
        <controlfield tag="001">021165538</controlfield>
        <controlfield tag="004">FSAJJ8408001</controlfield>
        <controlfield tag="005">20110701095717.0</controlfield>
        <controlfield tag="008">880222r19531912enk 000|0 eng d</controlfield>
        <datafield tag="035" ind1=" " ind2=" ">
            <subfield code="a">(OCoLC)17513087</subfield>
        </datafield>
        <datafield tag="040" ind1=" " ind2=" ">
            <subfield code="a">UPP</subfield>
            <subfield code="c">UPP</subfield>
        </datafield>
        <datafield tag="090" ind1=" " ind2=" ">
            <subfield code="a">DC223</subfield>
            <subfield code="b">.B8 1953</subfield>
        </datafield>
        <datafield tag="100" ind1="1" ind2=" ">
            <subfield code="a">Burton, R. G.</subfield>
            <subfield code="q">(Reginald George),</subfield>
            <subfield code="d">1864-</subfield>
        </datafield>
        <datafield tag="245" ind1="1" ind2="0">
            <subfield code="a">Napoleon's campaigns in Italy 1796-1797 and 1800.</subfield>
        </datafield>
        <datafield tag="260" ind1=" " ind2=" ">
            <subfield code="a">London,</subfield>
            <subfield code="b">Allen &amp; Unwin</subfield>
            <subfield code="c">[1953]</subfield>
        </datafield>
        <datafield tag="300" ind1=" " ind2=" ">
            <subfield code="a">142 p. :</subfield>
            <subfield code="b">ill. ;</subfield>
            <subfield code="c">19 cm.</subfield>
        </datafield>
        <datafield tag="500" ind1=" " ind2=" ">
            <subfield code="a">First published in 1912.</subfield>
            <subfield code="5">FTaSU</subfield>
        </datafield>
        <datafield tag="650" ind1=" " ind2="0">
            <subfield code="a">Napoleonic Wars, 1800-1815</subfield>
            <subfield code="x">Campaigns</subfield>
            <subfield code="z">Italy.</subfield>
        </datafield>
        <datafield tag="852" ind1="0" ind2=" ">
            <subfield code="a">FTaSU</subfield>
            <subfield code="b">FSRS2</subfield>
            <subfield code="c">GEN</subfield>
            <subfield code="h">DC223</subfield>
            <subfield code="i">.B8 1953</subfield>
        </datafield>
        <datafield tag="852" ind1="0" ind2=" ">
            <subfield code="a">FTaSU</subfield>
            <subfield code="b">FSRS2</subfield>
            <subfield code="c">GEN</subfield>
            <subfield code="h">DC223</subfield>
            <subfield code="i">.B8 1953</subfield>
        </datafield>
        <datafield tag="951" ind1=" " ind2=" ">
            <subfield code="1">05</subfield>
            <subfield code="a">FSU01:001528160;</subfield>
            <subfield code="5">FTaSU</subfield>
        </datafield>
        <datafield tag="999" ind1=" " ind2=" ">
            <subfield code="a">AJJ8408001</subfield>
        </datafield>
    </record>