
    <record>
        <leader>01261nam a2200241K 4500</leader>
        <controlfield tag="001">021252715</controlfield>
        <controlfield tag="004">FSAFQ3444001</controlfield>
        <controlfield tag="005">20120622225100.0</controlfield>
        <controlfield tag="008">891212m18961932po ah 000|0 por d</controlfield>
        <datafield tag="035" ind1=" " ind2=" ">
            <subfield code="a">(OCoLC)20768689</subfield>
        </datafield>
        <datafield tag="040" ind1=" " ind2=" ">
            <subfield code="a">FDA</subfield>
            <subfield code="c">FDA</subfield>
        </datafield>
        <datafield tag="090" ind1=" " ind2=" ">
            <subfield code="a">DP547</subfield>
            <subfield code="b">.A9</subfield>
        </datafield>
        <datafield tag="100" ind1="1" ind2=" ">
            <subfield code="a">Ayres de Magalhaes Sepulveda, Christóvão,</subfield>
            <subfield code="d">1857-1930.</subfield>
        </datafield>
        <datafield tag="245" ind1="1" ind2="0">
            <subfield code="a">História orgânica e politica do exército portuguêz.</subfield>
        </datafield>
        <datafield tag="260" ind1=" " ind2=" ">
            <subfield code="a">Lisboa,</subfield>
            <subfield code="b">Imprensa Nacional,</subfield>
            <subfield code="c">1896-1932.</subfield>
        </datafield>
        <datafield tag="300" ind1=" " ind2=" ">
            <subfield code="a">17 v. in 21 :</subfield>
            <subfield code="b">illus., facsims.</subfield>
        </datafield>
        <datafield tag="500" ind1=" " ind2=" ">
            <subfield code="a">Imprint varies.</subfield>
            <subfield code="5">FTaSU</subfield>
        </datafield>
        <datafield tag="505" ind1="0" ind2=" ">
            <subfield code="a">I-II. Origens.- III. Introduccão. Influência dos árabes. O condado de
                Portugal. Index to I-III.- IV. Primeria epoca : D. Affonso Henriques. D. Sandho
                I.-IVa-d. Provas.-V. História da engenharia.-VI. De 1816 ate o presente.-VII-IX.
                Engenheiros portugueses.- X-XI. Guerra peninsular.-XII. Diário de Junot na primeira
                invasão francesa em Portugal.-XIII. Gurrea preninsular.-XIV-XVI. História da
                engenharia militar portuguesa.-XVII. Invasão de Junot em Portugal.</subfield>
            <subfield code="5">FTaSU</subfield>
        </datafield>
        <datafield tag="852" ind1="0" ind2=" ">
            <subfield code="a">FTaSU</subfield>
            <subfield code="b">FSUSP</subfield>
            <subfield code="c">NAP</subfield>
            <subfield code="h">DP547</subfield>
            <subfield code="i">.A9</subfield>
            <subfield code="x">vf</subfield>
        </datafield>
        <datafield tag="866" ind1="3" ind2="1">
            <subfield code="b">FSU STROZIER, Special Coll</subfield>
            <subfield code="c">Napoleon</subfield>
            <subfield code="h">DP547</subfield>
            <subfield code="i">.A9</subfield>
            <subfield code="a">v. 1-17</subfield>
        </datafield>
        <datafield tag="852" ind1="0" ind2=" ">
            <subfield code="a">FTaSU</subfield>
            <subfield code="b">FSUSP</subfield>
            <subfield code="c">NAP</subfield>
            <subfield code="h">DP547</subfield>
            <subfield code="i">.A9</subfield>
            <subfield code="x">vf</subfield>
        </datafield>
        <datafield tag="951" ind1=" " ind2=" ">
            <subfield code="1">05</subfield>
            <subfield code="a">FSU01:001027677;</subfield>
            <subfield code="5">FTaSU</subfield>
        </datafield>
        <datafield tag="999" ind1=" " ind2=" ">
            <subfield code="a">AFQ3444001</subfield>
        </datafield>
    </record>