
    <record>
        <leader>01596nam a2200349I 4500</leader>
        <controlfield tag="001">021286860</controlfield>
        <controlfield tag="004">FSACG0373001</controlfield>
        <controlfield tag="005">20130508164749.0</controlfield>
        <controlfield tag="008">840405s1935 fr 000|0 frem </controlfield>
        <datafield tag="010" ind1=" " ind2=" ">
            <subfield code="a"> 36000552 </subfield>
        </datafield>
        <datafield tag="035" ind1=" " ind2=" ">
            <subfield code="a">(OCoLC)10596897</subfield>
        </datafield>
        <datafield tag="040" ind1=" " ind2=" ">
            <subfield code="a">DLC</subfield>
            <subfield code="c">FDA</subfield>
            <subfield code="d">FDA</subfield>
        </datafield>
        <datafield tag="050" ind1="0" ind2=" ">
            <subfield code="a">DC145</subfield>
            <subfield code="b">.G67</subfield>
        </datafield>
        <datafield tag="082" ind1="0" ind2=" ">
            <subfield code="a">944.004</subfield>
        </datafield>
        <datafield tag="100" ind1="1" ind2=" ">
            <subfield code="a">Lenotre, G.,</subfield>
            <subfield code="d">1855-1935.</subfield>
        </datafield>
        <datafield tag="245" ind1="1" ind2="0">
            <subfield code="a">Drames d'histoire.</subfield>
            <subfield code="c">Avec quatre planches hors-texte tirées en héliogravure.</subfield>
        </datafield>
        <datafield tag="260" ind1=" " ind2=" ">
            <subfield code="a">[Paris]</subfield>
            <subfield code="b">Flammarion</subfield>
            <subfield code="c">[1935]</subfield>
        </datafield>
        <datafield tag="300" ind1=" " ind2=" ">
            <subfield code="a">126 p., 1 l.</subfield>
            <subfield code="b">4 pl. (incl. front., ports.)</subfield>
            <subfield code="c">18 cm.</subfield>
        </datafield>
        <datafield tag="440" ind1=" " ind2="0">
            <subfield code="a">Hier et aujourd'hui</subfield>
            <subfield code="5">FTaSU</subfield>
        </datafield>
        <datafield tag="500" ind1=" " ind2=" ">
            <subfield code="a">Author's pseud., G. Lenôtre, at head of title.</subfield>
            <subfield code="5">FTaSU</subfield>
        </datafield>
        <datafield tag="500" ind1=" " ind2=" ">
            <subfield code="a">&quot;Le texte qui constitute ce volume est entièrement
                inédit.&quot;</subfield>
            <subfield code="5">FTaSU</subfield>
        </datafield>
        <datafield tag="505" ind1="0" ind2=" ">
            <subfield code="a">La fin des Girondins.--L'exécution du duc d'Enghien.--L'assassinat de
                Paul-Louis Courier.--Deux héros: les La Bédoyère.--Une équipée princière [La
                duchesse de Berry]--L'attentat de Fieschi.</subfield>
            <subfield code="5">FTaSU</subfield>
        </datafield>
        <datafield tag="600" ind1="1" ind2="0">
            <subfield code="a">Enghien, Louis-Antoine-Henri de Bourbon,</subfield>
            <subfield code="c">duc d',</subfield>
            <subfield code="d">1772-1804.</subfield>
        </datafield>
        <datafield tag="600" ind1="1" ind2="0">
            <subfield code="a">Courier, Paul-Louis,</subfield>
            <subfield code="d">1772-1825.</subfield>
        </datafield>
        <datafield tag="600" ind1="1" ind2="0">
            <subfield code="a">La Bédoyère, Charles Angélique François Huchet,</subfield>
            <subfield code="c">comte de,</subfield>
            <subfield code="d">1786-1815.</subfield>
        </datafield>
        <datafield tag="600" ind1="1" ind2="0">
            <subfield code="a">Berry, Marie-Caroline de Bourbon-Sicile,</subfield>
            <subfield code="c">duchesse de,</subfield>
            <subfield code="d">1798-1870.</subfield>
        </datafield>
        <datafield tag="600" ind1="1" ind2="0">
            <subfield code="a">Fieschi, Guiseppe Marco,</subfield>
            <subfield code="d">1790-1836.</subfield>
        </datafield>
        <datafield tag="650" ind1=" " ind2="0">
            <subfield code="a">Girondists.</subfield>
        </datafield>
        <datafield tag="852" ind1="0" ind2=" ">
            <subfield code="a">FTaSU</subfield>
            <subfield code="b">FSUSP</subfield>
            <subfield code="c">NAP</subfield>
            <subfield code="h">DC145</subfield>
            <subfield code="i">.G67</subfield>
            <subfield code="x">Redes to Special Collections 09/20/06 paf</subfield>
        </datafield>
        <datafield tag="852" ind1="0" ind2=" ">
            <subfield code="a">FTaSU</subfield>
            <subfield code="b">FSUSP</subfield>
            <subfield code="c">NAP</subfield>
            <subfield code="h">DC145</subfield>
            <subfield code="i">.G67</subfield>
            <subfield code="x">Redes to Special Collections 09/20/06 paf</subfield>
        </datafield>
        <datafield tag="951" ind1=" " ind2=" ">
            <subfield code="1">05</subfield>
            <subfield code="a">FSU01:000524906;</subfield>
            <subfield code="5">FTaSU</subfield>
        </datafield>
        <datafield tag="999" ind1=" " ind2=" ">
            <subfield code="a">ACG0373001</subfield>
        </datafield>
    </record>