
    <record>
        <leader>01079nam a2200277I 4500</leader>
        <controlfield tag="001">021305918</controlfield>
        <controlfield tag="004">FSACG0749001</controlfield>
        <controlfield tag="005">20120622225400.0</controlfield>
        <controlfield tag="008">840410s1914 fr 000|0 fremc</controlfield>
        <datafield tag="010" ind1=" " ind2=" ">
            <subfield code="a">a 15000332 </subfield>
        </datafield>
        <datafield tag="035" ind1=" " ind2=" ">
            <subfield code="a">(OCoLC)10611625</subfield>
        </datafield>
        <datafield tag="040" ind1=" " ind2=" ">
            <subfield code="a">California Univ. Libr.</subfield>
            <subfield code="c">FDA</subfield>
            <subfield code="d">FDA</subfield>
        </datafield>
        <datafield tag="090" ind1=" " ind2=" ">
            <subfield code="a">DC236.75</subfield>
            <subfield code="b">.F18 1914</subfield>
        </datafield>
        <datafield tag="100" ind1="1" ind2=" ">
            <subfield code="a">Fain, Agathon Jean François,</subfield>
            <subfield code="c">baron,</subfield>
            <subfield code="d">1778-1837.</subfield>
        </datafield>
        <datafield tag="245" ind1="1" ind2="0">
            <subfield code="a">Souvenirs de la campagne de France (manuscrit de 1814)</subfield>
        </datafield>
        <datafield tag="250" ind1=" " ind2=" ">
            <subfield code="a">Nouv. éd.,</subfield>
            <subfield code="b">pub. avec une préface par G. Lenotre [pseud.]</subfield>
        </datafield>
        <datafield tag="260" ind1=" " ind2=" ">
            <subfield code="a">Paris,</subfield>
            <subfield code="b">Perrin et cie,</subfield>
            <subfield code="c">1914.</subfield>
        </datafield>
        <datafield tag="300" ind1=" " ind2=" ">
            <subfield code="a">3 p. l., xviii, 260, [1] p.</subfield>
            <subfield code="b">8 pl., 2 port. (incl. front)</subfield>
            <subfield code="c">19 cm.</subfield>
        </datafield>
        <datafield tag="500" ind1=" " ind2=" ">
            <subfield code="a">1830 edition had 3 parts. This edition includes part 2 and 3
                only.</subfield>
            <subfield code="5">FTaSU</subfield>
        </datafield>
        <datafield tag="600" ind1="0" ind2="0">
            <subfield code="a">Napoleon</subfield>
            <subfield code="b">I,</subfield>
            <subfield code="c">Emperor of the French,</subfield>
            <subfield code="d">1769-1821.</subfield>
        </datafield>
        <datafield tag="650" ind1=" " ind2="0">
            <subfield code="a">Napoleonic Wars, 1800-1815</subfield>
            <subfield code="x">Campaigns.</subfield>
        </datafield>
        <datafield tag="700" ind1="1" ind2=" ">
            <subfield code="a">Lenotre, G.,</subfield>
            <subfield code="d">1855-1935,</subfield>
            <subfield code="e">ed.</subfield>
        </datafield>
        <datafield tag="852" ind1="0" ind2=" ">
            <subfield code="a">FTaSU</subfield>
            <subfield code="b">FSUSP</subfield>
            <subfield code="c">NAP</subfield>
            <subfield code="h">DC236.75</subfield>
            <subfield code="i">.F18 1914</subfield>
        </datafield>
        <datafield tag="852" ind1="0" ind2=" ">
            <subfield code="a">FTaSU</subfield>
            <subfield code="b">FSUSP</subfield>
            <subfield code="c">NAP</subfield>
            <subfield code="h">DC236.75</subfield>
            <subfield code="i">.F18 1914</subfield>
        </datafield>
        <datafield tag="951" ind1=" " ind2=" ">
            <subfield code="1">05</subfield>
            <subfield code="a">FSU01:000525273;</subfield>
            <subfield code="5">FTaSU</subfield>
        </datafield>
        <datafield tag="999" ind1=" " ind2=" ">
            <subfield code="a">ACG0749001</subfield>
        </datafield>
    </record>