
    <record>
        <leader>02456nam a2200649I 4500</leader>
        <controlfield tag="001">021392033</controlfield>
        <controlfield tag="004">FIACG0386001</controlfield>
        <controlfield tag="005">20120623074900.0</controlfield>
        <controlfield tag="008">751121s1910 nyuf 000|0beng </controlfield>
        <datafield tag="010" ind1=" " ind2=" ">
            <subfield code="a"> 12002230 </subfield>
        </datafield>
        <datafield tag="019" ind1=" " ind2=" ">
            <subfield code="a">31929549</subfield>
        </datafield>
        <datafield tag="035" ind1=" " ind2=" ">
            <subfield code="a">(OCoLC)00407276</subfield>
        </datafield>
        <datafield tag="040" ind1=" " ind2=" ">
            <subfield code="c">WSU</subfield>
            <subfield code="d">FTU</subfield>
        </datafield>
        <datafield tag="043" ind1=" " ind2=" ">
            <subfield code="a">e-fr---</subfield>
        </datafield>
        <datafield tag="050" ind1="0" ind2=" ">
            <subfield code="a">DC203</subfield>
            <subfield code="b">.M55</subfield>
        </datafield>
        <datafield tag="090" ind1=" " ind2=" ">
            <subfield code="a">DC203</subfield>
            <subfield code="b">.M55</subfield>
        </datafield>
        <datafield tag="099" ind1=" " ind2=" ">
            <subfield code="a">B</subfield>
            <subfield code="a">N216mvc</subfield>
        </datafield>
        <datafield tag="100" ind1="1" ind2=" ">
            <subfield code="a">Méneval, Claude François,</subfield>
            <subfield code="c">baron de,</subfield>
            <subfield code="d">1778-1850.</subfield>
        </datafield>
        <datafield tag="245" ind1="1" ind2="0">
            <subfield code="a">Memoirs of Napoleon Bonaparte, the court of the first
                empire.</subfield>
        </datafield>
        <datafield tag="260" ind1=" " ind2=" ">
            <subfield code="a">New York,</subfield>
            <subfield code="b">P.F. Collier &amp; son</subfield>
            <subfield code="c">[c1910]</subfield>
        </datafield>
        <datafield tag="300" ind1=" " ind2=" ">
            <subfield code="a">3 v.</subfield>
        </datafield>
        <datafield tag="440" ind1=" " ind2="0">
            <subfield code="a">Memoirs of the courts of Europe,</subfield>
            <subfield code="v">v. 6-8.</subfield>
            <subfield code="5">FMFIU</subfield>
        </datafield>
        <datafield tag="490" ind1="0" ind2=" ">
            <subfield code="a">Memoirs of the courts of Europe. [v.6-8]</subfield>
            <subfield code="5">FOFT</subfield>
            <subfield code="5">FU</subfield>
        </datafield>
        <datafield tag="500" ind1=" " ind2=" ">
            <subfield code="a">Edited by Baron Napoléon Joseph de Méneval.</subfield>
            <subfield code="5">FTaSU</subfield>
            <subfield code="5">FMFIU</subfield>
        </datafield>
        <datafield tag="500" ind1=" " ind2=" ">
            <subfield code="a">Paged continuously.</subfield>
            <subfield code="5">FTaSU</subfield>
            <subfield code="5">FU</subfield>
        </datafield>
        <datafield tag="500" ind1=" " ind2=" ">
            <subfield code="a">Edited by Baron Napoleon Joseph de Meneval.</subfield>
            <subfield code="5">FU</subfield>
        </datafield>
        <datafield tag="600" ind1="0" ind2="0">
            <subfield code="a">Napoleon</subfield>
            <subfield code="b">I,</subfield>
            <subfield code="c">Emperor of the French,</subfield>
            <subfield code="d">1769-1821.</subfield>
        </datafield>
        <datafield tag="651" ind1=" " ind2="0">
            <subfield code="a">France</subfield>
            <subfield code="x">History</subfield>
            <subfield code="y">Consulate and First Empire, 1799-1815.</subfield>
        </datafield>
        <datafield tag="700" ind1="1" ind2=" ">
            <subfield code="a">Méneval, Napoléon Joseph Ermest,</subfield>
            <subfield code="c">baron de,</subfield>
            <subfield code="e">ed.</subfield>
        </datafield>
        <datafield tag="700" ind1="1" ind2=" ">
            <subfield code="a">Méneval, Napoléon Joseph Ernest,</subfield>
            <subfield code="c">baron de.</subfield>
        </datafield>
        <datafield tag="852" ind1="0" ind2=" ">
            <subfield code="a">FMFIU</subfield>
            <subfield code="b">FIUSP</subfield>
            <subfield code="c">SPC</subfield>
            <subfield code="h">DC203</subfield>
            <subfield code="i">.M55</subfield>
        </datafield>
        <datafield tag="866" ind1="3" ind2="1">
            <subfield code="b">FIU Green Library Special Coll</subfield>
            <subfield code="c">General - 4th Fl.</subfield>
            <subfield code="h">DC203</subfield>
            <subfield code="i">.M55</subfield>
            <subfield code="8">0</subfield>
            <subfield code="a">v.1-3</subfield>
        </datafield>
        <datafield tag="852" ind1="0" ind2=" ">
            <subfield code="a">FMFIU</subfield>
            <subfield code="b">FIUGL</subfield>
            <subfield code="c">GEN</subfield>
            <subfield code="h">DC203</subfield>
            <subfield code="i">.M55</subfield>
            <subfield code="t">2</subfield>
            <subfield code="x">v. 1</subfield>
        </datafield>
        <datafield tag="866" ind1="3" ind2="1">
            <subfield code="b">FIU Green Library</subfield>
            <subfield code="c">General Collection</subfield>
            <subfield code="h">DC203</subfield>
            <subfield code="i">.M55</subfield>
            <subfield code="8">0</subfield>
            <subfield code="a">v.1</subfield>
        </datafield>
        <datafield tag="852" ind1="0" ind2=" ">
            <subfield code="a">FOFT</subfield>
            <subfield code="b">CFMGC</subfield>
            <subfield code="c">GC</subfield>
            <subfield code="h">DC203</subfield>
            <subfield code="i">.M55</subfield>
        </datafield>
        <datafield tag="852" ind1="0" ind2=" ">
            <subfield code="a">FTaSU</subfield>
            <subfield code="b">FSUSP</subfield>
            <subfield code="c">NAP</subfield>
            <subfield code="h">DC203</subfield>
            <subfield code="i">.M55</subfield>
        </datafield>
        <datafield tag="866" ind1="3" ind2="1">
            <subfield code="b">FSU STROZIER, Special Coll</subfield>
            <subfield code="c">Napoleon</subfield>
            <subfield code="h">DC203</subfield>
            <subfield code="i">.M55</subfield>
            <subfield code="a">v. 1-3</subfield>
        </datafield>
        <datafield tag="852" ind1="0" ind2=" ">
            <subfield code="a">FTaSU</subfield>
            <subfield code="b">FSUSP</subfield>
            <subfield code="c">NAP</subfield>
            <subfield code="h">DC203</subfield>
            <subfield code="i">.M55</subfield>
            <subfield code="t">2</subfield>
        </datafield>
        <datafield tag="866" ind1="3" ind2="1">
            <subfield code="b">FSU STROZIER, Special Coll</subfield>
            <subfield code="c">Napoleon</subfield>
            <subfield code="h">DC203</subfield>
            <subfield code="i">.M55</subfield>
            <subfield code="a">v. 1-3</subfield>
        </datafield>
        <datafield tag="852" ind1="0" ind2=" ">
            <subfield code="a">FU</subfield>
            <subfield code="b">UFSWE</subfield>
            <subfield code="c">GEN</subfield>
            <subfield code="h">DC203</subfield>
            <subfield code="i">.M55</subfield>
        </datafield>
        <datafield tag="866" ind1="3" ind2="1">
            <subfield code="b">UF LIBRARY WEST</subfield>
            <subfield code="h">DC203</subfield>
            <subfield code="i">.M55</subfield>
            <subfield code="a">v. 1-3</subfield>
        </datafield>
        <datafield tag="852" ind1="0" ind2=" ">
            <subfield code="a">FMFIU</subfield>
            <subfield code="b">FIUSP</subfield>
            <subfield code="c">SPC</subfield>
            <subfield code="h">DC203</subfield>
            <subfield code="i">.M55</subfield>
        </datafield>
        <datafield tag="852" ind1="0" ind2=" ">
            <subfield code="a">FMFIU</subfield>
            <subfield code="b">FIUGL</subfield>
            <subfield code="c">GEN</subfield>
            <subfield code="h">DC203</subfield>
            <subfield code="i">.M55</subfield>
            <subfield code="t">2</subfield>
            <subfield code="x">v. 1</subfield>
        </datafield>
        <datafield tag="852" ind1="0" ind2=" ">
            <subfield code="a">FOFT</subfield>
            <subfield code="b">CFMGC</subfield>
            <subfield code="c">GC</subfield>
            <subfield code="h">DC203</subfield>
            <subfield code="i">.M55</subfield>
        </datafield>
        <datafield tag="852" ind1="0" ind2=" ">
            <subfield code="a">FTaSU</subfield>
            <subfield code="b">FSUSP</subfield>
            <subfield code="c">NAP</subfield>
            <subfield code="h">DC203</subfield>
            <subfield code="i">.M55</subfield>
        </datafield>
        <datafield tag="852" ind1="0" ind2=" ">
            <subfield code="a">FTaSU</subfield>
            <subfield code="b">FSUSP</subfield>
            <subfield code="c">NAP</subfield>
            <subfield code="h">DC203</subfield>
            <subfield code="i">.M55</subfield>
            <subfield code="t">2</subfield>
        </datafield>
        <datafield tag="852" ind1="0" ind2=" ">
            <subfield code="a">FU</subfield>
            <subfield code="b">UFSWE</subfield>
            <subfield code="c">GEN</subfield>
            <subfield code="h">DC203</subfield>
            <subfield code="i">.M55</subfield>
        </datafield>
        <datafield tag="951" ind1=" " ind2=" ">
            <subfield code="1">07</subfield>
            <subfield code="a">CFU01:000051555;</subfield>
            <subfield code="5">FOFT</subfield>
        </datafield>
        <datafield tag="951" ind1=" " ind2=" ">
            <subfield code="1">04</subfield>
            <subfield code="a">FIU01:000482439;</subfield>
            <subfield code="5">FMFIU</subfield>
        </datafield>
        <datafield tag="951" ind1=" " ind2=" ">
            <subfield code="1">05</subfield>
            <subfield code="a">FSU01:000090827;</subfield>
            <subfield code="5">FTaSU</subfield>
        </datafield>
        <datafield tag="951" ind1=" " ind2=" ">
            <subfield code="1">08</subfield>
            <subfield code="a">UFU01:000601346;</subfield>
            <subfield code="5">FU</subfield>
        </datafield>
        <datafield tag="999" ind1=" " ind2=" ">
            <subfield code="a">ACG0386001</subfield>
        </datafield>
        <datafield tag="999" ind1=" " ind2=" ">
            <subfield code="a">ACG0386002</subfield>
        </datafield>
        <datafield tag="999" ind1=" " ind2=" ">
            <subfield code="a">AAF4366001</subfield>
        </datafield>
        <datafield tag="999" ind1=" " ind2=" ">
            <subfield code="a">AAK3334001</subfield>
        </datafield>
        <datafield tag="999" ind1=" " ind2=" ">
            <subfield code="a">AAK3334002</subfield>
        </datafield>
        <datafield tag="999" ind1=" " ind2=" ">
            <subfield code="a">ADD0358001</subfield>
        </datafield>
    </record>