
    <record>
        <leader>02621nam a2200637I 4500</leader>
        <controlfield tag="001">021429586</controlfield>
        <controlfield tag="004">SAAFR2857001</controlfield>
        <controlfield tag="005">20071126104203.0</controlfield>
        <controlfield tag="008">720927s1891 nyu b 000|0beng u</controlfield>
        <datafield tag="010" ind1=" " ind2=" ">
            <subfield code="a"> 04025248 </subfield>
        </datafield>
        <datafield tag="035" ind1=" " ind2=" ">
            <subfield code="a">(OCoLC)00418947</subfield>
        </datafield>
        <datafield tag="040" ind1=" " ind2=" ">
            <subfield code="c">WSU</subfield>
            <subfield code="d">FTU</subfield>
        </datafield>
        <datafield tag="041" ind1="1" ind2=" ">
            <subfield code="a">engfre</subfield>
        </datafield>
        <datafield tag="050" ind1="0" ind2=" ">
            <subfield code="a">DC216.2</subfield>
            <subfield code="b">.I336</subfield>
        </datafield>
        <datafield tag="082" ind1=" " ind2="4">
            <subfield code="a">944.05</subfield>
        </datafield>
        <datafield tag="090" ind1=" " ind2=" ">
            <subfield code="a">HQ1121</subfield>
            <subfield code="b">.G47 no. 1352.4</subfield>
        </datafield>
        <datafield tag="090" ind1=" " ind2=" ">
            <subfield code="a">DC216.2</subfield>
            <subfield code="b">.I336</subfield>
        </datafield>
        <datafield tag="099" ind1=" " ind2=" ">
            <subfield code="a">B</subfield>
            <subfield code="a">M3341i</subfield>
        </datafield>
        <datafield tag="100" ind1="1" ind2=" ">
            <subfield code="a">Imbert de Saint-Amand, Arthur Léon,</subfield>
            <subfield code="c">baron,</subfield>
            <subfield code="d">1834-1900.</subfield>
        </datafield>
        <datafield tag="240" ind1="1" ind2="0">
            <subfield code="a">Marie-Louise, l'Ile d'Elbe et les cent-jours.</subfield>
            <subfield code="l">English</subfield>
        </datafield>
        <datafield tag="245" ind1="1" ind2="0">
            <subfield code="a">Marie Louise, the island of Elba, and the Hundred Days,</subfield>
            <subfield code="c">by Imbert de Saint-Amand. Translated by Elizabeth Gilbert
                Martin.</subfield>
        </datafield>
        <datafield tag="260" ind1=" " ind2=" ">
            <subfield code="a">New York,</subfield>
            <subfield code="b">Charles Scribner's sons,</subfield>
            <subfield code="c">1891</subfield>
        </datafield>
        <datafield tag="300" ind1=" " ind2=" ">
            <subfield code="a">4 sheets (283 p.)</subfield>
            <subfield code="b">front. (port.)</subfield>
            <subfield code="c">11 x 15 cm.</subfield>
        </datafield>
        <datafield tag="490" ind1="0" ind2=" ">
            <subfield code="a">Famous women of the French court</subfield>
            <subfield code="5">FOFT</subfield>
            <subfield code="5">FSsNC</subfield>
        </datafield>
        <datafield tag="490" ind1="1" ind2=" ">
            <subfield code="a">Gerritsen women's history ;</subfield>
            <subfield code="v">no. 1352.4</subfield>
            <subfield code="5">FOFT</subfield>
        </datafield>
        <datafield tag="490" ind1="1" ind2=" ">
            <subfield code="a">[His Famous women of the French court]</subfield>
            <subfield code="5">FTaSU</subfield>
            <subfield code="5">FTS</subfield>
            <subfield code="5">FU</subfield>
        </datafield>
        <datafield tag="504" ind1=" " ind2=" ">
            <subfield code="a">Includes index.</subfield>
        </datafield>
        <datafield tag="600" ind1="0" ind2="0">
            <subfield code="a">Napoleon</subfield>
            <subfield code="b">I,</subfield>
            <subfield code="c">Emperor of the French,</subfield>
            <subfield code="d">1769-1821</subfield>
            <subfield code="y">Elba and the Hundred Days, 1814-1815.</subfield>
        </datafield>
        <datafield tag="600" ind1="0" ind2="0">
            <subfield code="a">Marie Louise,</subfield>
            <subfield code="c">Empress, consort of Napoleon I, Emperor of the French,</subfield>
            <subfield code="d">1791-1847.</subfield>
        </datafield>
        <datafield tag="600" ind1="0" ind2="0">
            <subfield code="a">Marie Louise,</subfield>
            <subfield code="c">Empress, consort of Napoléon I,</subfield>
            <subfield code="d">1791-1847.</subfield>
        </datafield>
        <datafield tag="700" ind1="1" ind2=" ">
            <subfield code="a">Martin, Elizabeth Gilbert Davis,</subfield>
            <subfield code="d">1837-,</subfield>
            <subfield code="e">tr.</subfield>
        </datafield>
        <datafield tag="700" ind1="1" ind2=" ">
            <subfield code="a">Martin, Elizabeth Gilbert,</subfield>
            <subfield code="d">b. 1837,</subfield>
            <subfield code="e">tr.</subfield>
        </datafield>
        <datafield tag="800" ind1="1" ind2=" ">
            <subfield code="a">Imbert de Saint-Amand,</subfield>
            <subfield code="d">1834-1900.</subfield>
            <subfield code="t">Femmes des Tuileries.</subfield>
            <subfield code="l">English.</subfield>
            <subfield code="f">1890.</subfield>
        </datafield>
        <datafield tag="800" ind1="1" ind2=" ">
            <subfield code="a">Imbert de Saint-Amand,</subfield>
            <subfield code="d">1834-1900.</subfield>
            <subfield code="t">Femmes de Versailles.</subfield>
            <subfield code="l">English.</subfield>
        </datafield>
        <datafield tag="830" ind1=" " ind2="0">
            <subfield code="a">Gerritsen collection of women's history ;</subfield>
            <subfield code="v">no. 1352.4</subfield>
        </datafield>
        <datafield tag="852" ind1="0" ind2=" ">
            <subfield code="a">FSsNC</subfield>
            <subfield code="b">SAJBC</subfield>
            <subfield code="c">CIRC</subfield>
            <subfield code="h">DC216.2</subfield>
            <subfield code="i">.I336</subfield>
        </datafield>
        <datafield tag="852" ind1="0" ind2=" ">
            <subfield code="a">FOFT</subfield>
            <subfield code="b">CFMGC</subfield>
            <subfield code="c">MICFH</subfield>
            <subfield code="h">HQ1121</subfield>
            <subfield code="i">.G47 no. 1352.4</subfield>
        </datafield>
        <datafield tag="852" ind1="0" ind2=" ">
            <subfield code="a">FTS</subfield>
            <subfield code="b">SFTMP</subfield>
            <subfield code="c">GEN</subfield>
            <subfield code="h">DC216.2</subfield>
            <subfield code="i">.I44</subfield>
        </datafield>
        <datafield tag="852" ind1="0" ind2=" ">
            <subfield code="a">FTaSU</subfield>
            <subfield code="b">FSUSP</subfield>
            <subfield code="c">NAP</subfield>
            <subfield code="h">DC216.2</subfield>
            <subfield code="i">.I336</subfield>
        </datafield>
        <datafield tag="852" ind1="0" ind2=" ">
            <subfield code="a">FU</subfield>
            <subfield code="b">UFSWE</subfield>
            <subfield code="c">GEN</subfield>
            <subfield code="h">DC216.2</subfield>
            <subfield code="i">.I336</subfield>
        </datafield>
        <datafield tag="852" ind1="0" ind2=" ">
            <subfield code="a">FSsNC</subfield>
            <subfield code="b">SAJBC</subfield>
            <subfield code="c">CIRC</subfield>
            <subfield code="h">DC216.2</subfield>
            <subfield code="i">.I336</subfield>
        </datafield>
        <datafield tag="852" ind1="0" ind2=" ">
            <subfield code="a">FOFT</subfield>
            <subfield code="b">CFMGC</subfield>
            <subfield code="c">MICFH</subfield>
            <subfield code="h">HQ1121</subfield>
            <subfield code="i">.G47 no. 1352.4</subfield>
        </datafield>
        <datafield tag="852" ind1="0" ind2=" ">
            <subfield code="a">FTS</subfield>
            <subfield code="b">SFTMP</subfield>
            <subfield code="c">GEN</subfield>
            <subfield code="h">DC216.2</subfield>
            <subfield code="i">.I44</subfield>
        </datafield>
        <datafield tag="852" ind1="0" ind2=" ">
            <subfield code="a">FTaSU</subfield>
            <subfield code="b">FSUSP</subfield>
            <subfield code="c">NAP</subfield>
            <subfield code="h">DC216.2</subfield>
            <subfield code="i">.I336</subfield>
        </datafield>
        <datafield tag="852" ind1="0" ind2=" ">
            <subfield code="a">FU</subfield>
            <subfield code="b">UFSWE</subfield>
            <subfield code="c">GEN</subfield>
            <subfield code="h">DC216.2</subfield>
            <subfield code="i">.I336</subfield>
        </datafield>
        <datafield tag="852" ind1=" " ind2=" ">
            <subfield code="a">FU</subfield>
            <subfield code="b">UFSWE</subfield>
            <subfield code="c">GEN</subfield>
            <subfield code="h">B</subfield>
            <subfield code="i">M3341i</subfield>
            <subfield code="t">2</subfield>
            <subfield code="x">wd 10-02 tlh per F.DiTrolio</subfield>
        </datafield>
        <datafield tag="951" ind1=" " ind2=" ">
            <subfield code="1">07</subfield>
            <subfield code="a">CFU01:000052881;</subfield>
            <subfield code="5">FOFT</subfield>
        </datafield>
        <datafield tag="951" ind1=" " ind2=" ">
            <subfield code="1">05</subfield>
            <subfield code="a">FSU01:000093346;</subfield>
            <subfield code="5">FTaSU</subfield>
        </datafield>
        <datafield tag="951" ind1=" " ind2=" ">
            <subfield code="1">06</subfield>
            <subfield code="a">NCU01:000121007;</subfield>
            <subfield code="5">FSsNC</subfield>
        </datafield>
        <datafield tag="951" ind1=" " ind2=" ">
            <subfield code="1">10</subfield>
            <subfield code="a">SFU01:000104219;</subfield>
            <subfield code="5">FTS</subfield>
        </datafield>
        <datafield tag="951" ind1=" " ind2=" ">
            <subfield code="1">08</subfield>
            <subfield code="a">UFU01:000591700;</subfield>
            <subfield code="5">FU</subfield>
        </datafield>
        <datafield tag="999" ind1=" " ind2=" ">
            <subfield code="a">AFR2857001</subfield>
        </datafield>
        <datafield tag="999" ind1=" " ind2=" ">
            <subfield code="a">AAF5753001</subfield>
        </datafield>
        <datafield tag="999" ind1=" " ind2=" ">
            <subfield code="a">AAN5138001</subfield>
        </datafield>
        <datafield tag="999" ind1=" " ind2=" ">
            <subfield code="a">AAK5930001</subfield>
        </datafield>
        <datafield tag="999" ind1=" " ind2=" ">
            <subfield code="a">ADC0534001</subfield>
        </datafield>
    </record>