
    <record>
        <leader>01800nam a2200445I 4500</leader>
        <controlfield tag="001">021429621</controlfield>
        <controlfield tag="004">CFAAF5754001</controlfield>
        <controlfield tag="005">20071126104247.0</controlfield>
        <controlfield tag="008">720927s1891 nyu b 000|0beng u</controlfield>
        <datafield tag="010" ind1=" " ind2=" ">
            <subfield code="a"> 04025249 </subfield>
        </datafield>
        <datafield tag="035" ind1=" " ind2=" ">
            <subfield code="a">(OCoLC)00418949</subfield>
        </datafield>
        <datafield tag="040" ind1=" " ind2=" ">
            <subfield code="c">WSU</subfield>
            <subfield code="d">FTU</subfield>
        </datafield>
        <datafield tag="041" ind1="1" ind2=" ">
            <subfield code="a">engfre</subfield>
        </datafield>
        <datafield tag="090" ind1=" " ind2=" ">
            <subfield code="a">HQ1121</subfield>
            <subfield code="b">.G47 no. 1352.3</subfield>
        </datafield>
        <datafield tag="090" ind1=" " ind2=" ">
            <subfield code="a">DC216.2</subfield>
            <subfield code="b">.I334</subfield>
        </datafield>
        <datafield tag="100" ind1="1" ind2=" ">
            <subfield code="a">Imbert de Saint-Amand, Arthur Léon,</subfield>
            <subfield code="c">baron,</subfield>
            <subfield code="d">1834-1900.</subfield>
        </datafield>
        <datafield tag="245" ind1="1" ind2="0">
            <subfield code="a">Marie Louise and the invasion of 1814,</subfield>
            <subfield code="c">by Saint-Amand. Translated by Thomas Sergeant Perry.</subfield>
        </datafield>
        <datafield tag="260" ind1=" " ind2=" ">
            <subfield code="a">New York,</subfield>
            <subfield code="b">Charles Scribner's sons</subfield>
            <subfield code="c">1891.</subfield>
        </datafield>
        <datafield tag="300" ind1=" " ind2=" ">
            <subfield code="a">4 sheets (iv, 301 p.)</subfield>
            <subfield code="b">front.(port.)</subfield>
            <subfield code="c">11 x 15 cm.</subfield>
        </datafield>
        <datafield tag="490" ind1="0" ind2=" ">
            <subfield code="a">Famous women of the French court</subfield>
            <subfield code="5">FOFT</subfield>
        </datafield>
        <datafield tag="490" ind1="1" ind2=" ">
            <subfield code="a">Gerritsen women's history ;</subfield>
            <subfield code="v">no. 1352.3</subfield>
            <subfield code="5">FOFT</subfield>
        </datafield>
        <datafield tag="490" ind1="1" ind2=" ">
            <subfield code="a">[His Famous women of the French court]</subfield>
            <subfield code="5">FTaSU</subfield>
            <subfield code="5">FTS</subfield>
        </datafield>
        <datafield tag="600" ind1="0" ind2="0">
            <subfield code="a">Marie Louise,</subfield>
            <subfield code="c">Empress, consort of Napoleon I, Emperor of the French,</subfield>
            <subfield code="d">1791-1847.</subfield>
        </datafield>
        <datafield tag="651" ind1=" " ind2="0">
            <subfield code="a">France</subfield>
            <subfield code="x">History</subfield>
            <subfield code="y">Invasion of 1814.</subfield>
        </datafield>
        <datafield tag="700" ind1="1" ind2=" ">
            <subfield code="a">Perry, Thomas Sergeant,</subfield>
            <subfield code="d">1845-1928,</subfield>
            <subfield code="e">tr.</subfield>
        </datafield>
        <datafield tag="800" ind1="1" ind2=" ">
            <subfield code="a">Imbert de Saint-Amand,</subfield>
            <subfield code="d">1834-1900.</subfield>
            <subfield code="t">Femmes des Tuileries.</subfield>
            <subfield code="l">English.</subfield>
            <subfield code="f">1890.</subfield>
        </datafield>
        <datafield tag="800" ind1="1" ind2=" ">
            <subfield code="a">Imbert de Saint-Amand,</subfield>
            <subfield code="d">1834-1900.</subfield>
            <subfield code="t">Femmes de Versailles.</subfield>
            <subfield code="l">English.</subfield>
        </datafield>
        <datafield tag="830" ind1=" " ind2="0">
            <subfield code="a">Gerritsen collection of women's history ;</subfield>
            <subfield code="v">no. 1352.3</subfield>
        </datafield>
        <datafield tag="852" ind1="0" ind2=" ">
            <subfield code="a">FOFT</subfield>
            <subfield code="b">CFMGC</subfield>
            <subfield code="c">MICFH</subfield>
            <subfield code="h">HQ1121</subfield>
            <subfield code="i">.G47 no. 1352.3</subfield>
        </datafield>
        <datafield tag="852" ind1="0" ind2=" ">
            <subfield code="a">FTS</subfield>
            <subfield code="b">SFTMP</subfield>
            <subfield code="c">GEN</subfield>
            <subfield code="h">DC216.2</subfield>
            <subfield code="i">.I46</subfield>
        </datafield>
        <datafield tag="852" ind1="0" ind2=" ">
            <subfield code="a">FTaSU</subfield>
            <subfield code="b">FSUSP</subfield>
            <subfield code="c">NAP</subfield>
            <subfield code="h">DC216.2</subfield>
            <subfield code="i">.I334</subfield>
        </datafield>
        <datafield tag="852" ind1="0" ind2=" ">
            <subfield code="a">FOFT</subfield>
            <subfield code="b">CFMGC</subfield>
            <subfield code="c">MICFH</subfield>
            <subfield code="h">HQ1121</subfield>
            <subfield code="i">.G47 no. 1352.3</subfield>
        </datafield>
        <datafield tag="852" ind1="0" ind2=" ">
            <subfield code="a">FTS</subfield>
            <subfield code="b">SFTMP</subfield>
            <subfield code="c">GEN</subfield>
            <subfield code="h">DC216.2</subfield>
            <subfield code="i">.I46</subfield>
        </datafield>
        <datafield tag="852" ind1="0" ind2=" ">
            <subfield code="a">FTaSU</subfield>
            <subfield code="b">FSUSP</subfield>
            <subfield code="c">NAP</subfield>
            <subfield code="h">DC216.2</subfield>
            <subfield code="i">.I334</subfield>
        </datafield>
        <datafield tag="951" ind1=" " ind2=" ">
            <subfield code="1">07</subfield>
            <subfield code="a">CFU01:000052882;</subfield>
            <subfield code="5">FOFT</subfield>
        </datafield>
        <datafield tag="951" ind1=" " ind2=" ">
            <subfield code="1">05</subfield>
            <subfield code="a">FSU01:000093347;</subfield>
            <subfield code="5">FTaSU</subfield>
        </datafield>
        <datafield tag="951" ind1=" " ind2=" ">
            <subfield code="1">10</subfield>
            <subfield code="a">SFU01:000104220;</subfield>
            <subfield code="5">FTS</subfield>
        </datafield>
        <datafield tag="999" ind1=" " ind2=" ">
            <subfield code="a">AAF5754001</subfield>
        </datafield>
        <datafield tag="999" ind1=" " ind2=" ">
            <subfield code="a">AAN5139001</subfield>
        </datafield>
        <datafield tag="999" ind1=" " ind2=" ">
            <subfield code="a">AAK5931001</subfield>
        </datafield>
    </record>