
    <record>
        <leader>01039nam a2200265I 4500</leader>
        <controlfield tag="001">021463184</controlfield>
        <controlfield tag="004">FSAFR7582001</controlfield>
        <controlfield tag="005">20120622230200.0</controlfield>
        <controlfield tag="008">881109s1908 fr ace 000|0 fre </controlfield>
        <datafield tag="010" ind1=" " ind2=" ">
            <subfield code="a"> 10026266 </subfield>
        </datafield>
        <datafield tag="035" ind1=" " ind2=" ">
            <subfield code="a">(OCoLC)18729198</subfield>
        </datafield>
        <datafield tag="040" ind1=" " ind2=" ">
            <subfield code="a">DLC</subfield>
            <subfield code="c">CUY</subfield>
        </datafield>
        <datafield tag="050" ind1="0" ind2=" ">
            <subfield code="a">DC170</subfield>
            <subfield code="b">.G7 1908</subfield>
        </datafield>
        <datafield tag="100" ind1="1" ind2=" ">
            <subfield code="a">Lenotre, G.,</subfield>
            <subfield code="d">1855-1935.</subfield>
        </datafield>
        <datafield tag="245" ind1="1" ind2="3">
            <subfield code="a">Le drame de Varennes:</subfield>
            <subfield code="b">juin 1791 d'après des documents inédits et les relations des témoins
                oculaires.</subfield>
            <subfield code="c">Portraits, plans, dessins inédits de Gérardin; gravures sur boise de
                Deloche.</subfield>
        </datafield>
        <datafield tag="260" ind1=" " ind2=" ">
            <subfield code="a">Paris,</subfield>
            <subfield code="b">Perrin et cie,</subfield>
            <subfield code="c">1908.</subfield>
        </datafield>
        <datafield tag="300" ind1=" " ind2=" ">
            <subfield code="a">403 p.</subfield>
            <subfield code="b">illus.</subfield>
            <subfield code="c">21 cm.</subfield>
        </datafield>
        <datafield tag="651" ind1=" " ind2="0">
            <subfield code="a">France</subfield>
            <subfield code="x">History</subfield>
            <subfield code="y">Revolution, 1789-1799.</subfield>
        </datafield>
        <datafield tag="600" ind1="0" ind2="0">
            <subfield code="a">Marie Antoinette,</subfield>
            <subfield code="c">Queen, consort of Louis XVI, King of France,</subfield>
            <subfield code="d">1755-1793.</subfield>
        </datafield>
        <datafield tag="600" ind1="0" ind2="0">
            <subfield code="a">Louis</subfield>
            <subfield code="b">XVI,</subfield>
            <subfield code="c">King of France,</subfield>
            <subfield code="d">1754-1793.</subfield>
        </datafield>
        <datafield tag="600" ind1="1" ind2="0">
            <subfield code="a">Fersen, Hans Axel von,</subfield>
            <subfield code="c">greve,</subfield>
            <subfield code="d">1755-1810.</subfield>
        </datafield>
        <datafield tag="852" ind1="0" ind2=" ">
            <subfield code="a">FTaSU</subfield>
            <subfield code="b">FSUSP</subfield>
            <subfield code="c">NAP</subfield>
            <subfield code="h">DC170</subfield>
            <subfield code="i">.G7 1908</subfield>
        </datafield>
        <datafield tag="852" ind1="0" ind2=" ">
            <subfield code="a">FTaSU</subfield>
            <subfield code="b">FSUSP</subfield>
            <subfield code="c">NAP</subfield>
            <subfield code="h">DC170</subfield>
            <subfield code="i">.G7 1908</subfield>
        </datafield>
        <datafield tag="951" ind1=" " ind2=" ">
            <subfield code="1">05</subfield>
            <subfield code="a">FSU01:001033909;</subfield>
            <subfield code="5">FTaSU</subfield>
        </datafield>
        <datafield tag="999" ind1=" " ind2=" ">
            <subfield code="a">AFR7582001</subfield>
        </datafield>
    </record>