
    <record>
        <leader>00888nam a2200229K 4500</leader>
        <controlfield tag="001">021463399</controlfield>
        <controlfield tag="004">FSAFR7588001</controlfield>
        <controlfield tag="005">20120622230200.0</controlfield>
        <controlfield tag="008">881019s1898 fr 000|0 fre d</controlfield>
        <datafield tag="019" ind1=" " ind2=" ">
            <subfield code="a">13608913</subfield>
        </datafield>
        <datafield tag="035" ind1=" " ind2=" ">
            <subfield code="a">(OCoLC)18632898</subfield>
        </datafield>
        <datafield tag="040" ind1=" " ind2=" ">
            <subfield code="a">TXH</subfield>
            <subfield code="c">TXH</subfield>
        </datafield>
        <datafield tag="090" ind1=" " ind2=" ">
            <subfield code="a">DC211</subfield>
            <subfield code="b">.A144 1898</subfield>
        </datafield>
        <datafield tag="100" ind1="1" ind2=" ">
            <subfield code="a">Abell, Lucia Elizabeth Balcombe,</subfield>
            <subfield code="d">1800-1873.</subfield>
        </datafield>
        <datafield tag="245" ind1="1" ind2="0">
            <subfield code="a">Napoléon à Sainte-Helène :</subfield>
            <subfield code="b">souvenirs de Betzy Balcombe /</subfield>
            <subfield code="c">Lucia-Élisabeth Abell (Betzy Balcombe) ; traduction annotée et
                précédée d'une introduction par Aimé le Gras.</subfield>
        </datafield>
        <datafield tag="260" ind1=" " ind2=" ">
            <subfield code="a">Paris :</subfield>
            <subfield code="b">E. Plon, Nourrit,</subfield>
            <subfield code="c">1898.</subfield>
        </datafield>
        <datafield tag="300" ind1=" " ind2=" ">
            <subfield code="a">xliv, 271 p. ;</subfield>
            <subfield code="c">19 cm.</subfield>
        </datafield>
        <datafield tag="600" ind1="0" ind2="0">
            <subfield code="a">Napoleon</subfield>
            <subfield code="b">I,</subfield>
            <subfield code="c">Emperor of the French,</subfield>
            <subfield code="d">1769-1821</subfield>
            <subfield code="y">Captivity, 1815-1821.</subfield>
        </datafield>
        <datafield tag="852" ind1="0" ind2=" ">
            <subfield code="a">FTaSU</subfield>
            <subfield code="b">FSUSP</subfield>
            <subfield code="c">NAP</subfield>
            <subfield code="h">DC211</subfield>
            <subfield code="i">.A144 1898</subfield>
            <subfield code="x">dks</subfield>
        </datafield>
        <datafield tag="852" ind1="0" ind2=" ">
            <subfield code="a">FTaSU</subfield>
            <subfield code="b">FSUSP</subfield>
            <subfield code="c">NAP</subfield>
            <subfield code="h">DC211</subfield>
            <subfield code="i">.A144 1898</subfield>
            <subfield code="x">dks</subfield>
        </datafield>
        <datafield tag="951" ind1=" " ind2=" ">
            <subfield code="1">05</subfield>
            <subfield code="a">FSU01:001033915;</subfield>
            <subfield code="5">FTaSU</subfield>
        </datafield>
        <datafield tag="999" ind1=" " ind2=" ">
            <subfield code="a">AFR7588001</subfield>
        </datafield>
    </record>