
<!--    <record>
        <leader>02130nam a2200397Ia 4500</leader>
        <controlfield tag="001">021475939</controlfield>
        <controlfield tag="004">FSACG3837001</controlfield>
        <controlfield tag="005">20100317125654.0</controlfield>
        <controlfield tag="007">hdubf||||||||</controlfield>
        <controlfield tag="008">840531r18281968stk a 000|0 eng d</controlfield>
        <datafield tag="010" ind1=" " ind2=" ">
            <subfield code="a"> 01010103 </subfield>
        </datafield>
        <datafield tag="035" ind1=" " ind2=" ">
            <subfield code="a">(OCoLC)10790765</subfield>
        </datafield>
        <datafield tag="040" ind1=" " ind2=" ">
            <subfield code="a">FDA</subfield>
            <subfield code="c">FDA</subfield>
        </datafield>
        <datafield tag="099" ind1=" " ind2=" ">
            <subfield code="a">Film</subfield>
            <subfield code="a">2208</subfield>
        </datafield>
        <datafield tag="245" ind1="0" ind2="0">
            <subfield code="a">Memorials of the late war</subfield>
            <subfield code="h">microform</subfield>
        </datafield>
        <datafield tag="260" ind1=" " ind2=" ">
            <subfield code="c">1828.</subfield>
        </datafield>
        <datafield tag="300" ind1=" " ind2=" ">
            <subfield code="a">2 v. ;</subfield>
            <subfield code="c">16 cm.</subfield>
        </datafield>
        <datafield tag="440" ind1=" " ind2="0">
            <subfield code="a">Constable's miscellany of original and selected publications in the
                various departments of literature, science, &amp; the arts ;</subfield>
            <subfield code="v">v. 27-28</subfield>
            <subfield code="5">FTaSU</subfield>
        </datafield>
        <datafield tag="500" ind1=" " ind2=" ">
            <subfield code="a">Added t.p., engraved.</subfield>
            <subfield code="5">FTaSU</subfield>
        </datafield>
        <datafield tag="505" ind1="0" ind2=" ">
            <subfield code="a">v. 1. Journal of a soldier of the 71th regiment from 1805-1815 -\-The
                Spanish campaign of 1808 / Adam Neale -\- Despatch after the Battle of Corunna / Sir
                John Hope -\- Reminiscences of a campaign in the Pyrenees and south of France / John
                Malcolm. -\- v. 2. Memoirs of the war of the French in Spain / M. de Rocca -\-
                Narrative of the battles of Quatre Bras, Ligny, and Waterloo -\- Death of Napoleon
                Bonaparte.</subfield>
            <subfield code="5">FTaSU</subfield>
        </datafield>
        <datafield tag="533" ind1=" " ind2=" ">
            <subfield code="a">Microfilm.</subfield>
            <subfield code="b">Tallahassee, Florida :</subfield>
            <subfield code="c">Florida State University Library,</subfield>
            <subfield code="d">1968.</subfield>
            <subfield code="e">1 microfilm reel : negative ; 35 mm.</subfield>
            <subfield code="5">FTaSU</subfield>
        </datafield>
        <datafield tag="650" ind1=" " ind2="0">
            <subfield code="a">Peninsular War, 1807-1814.</subfield>
        </datafield>
        <datafield tag="650" ind1=" " ind2="0">
            <subfield code="a">Napoleonic Wars, 1800-1815.</subfield>
        </datafield>
        <datafield tag="651" ind1=" " ind2="0">
            <subfield code="a">Europe</subfield>
            <subfield code="x">History</subfield>
            <subfield code="y">1789-1815.</subfield>
        </datafield>
        <datafield tag="600" ind1="0" ind2="0">
            <subfield code="a">Napoleon</subfield>
            <subfield code="b">I,</subfield>
            <subfield code="c">Emperor of the French,</subfield>
            <subfield code="d">1769-1821.</subfield>
        </datafield>
        <datafield tag="700" ind1="1" ind2=" ">
            <subfield code="a">Neale, Adam,</subfield>
            <subfield code="d">d. 1832.</subfield>
            <subfield code="t">Spanish campaign of 1808.</subfield>
            <subfield code="f">1828.</subfield>
        </datafield>
        <datafield tag="700" ind1="1" ind2=" ">
            <subfield code="a">Hope, John,</subfield>
            <subfield code="c">Sir,</subfield>
            <subfield code="d">1765-1836.</subfield>
            <subfield code="t">Despatch after the Battle of Corunna.</subfield>
            <subfield code="f">1828.</subfield>
        </datafield>
        <datafield tag="700" ind1="1" ind2=" ">
            <subfield code="a">Malcolm, John,</subfield>
            <subfield code="c">late of the 42nd Regiment.</subfield>
            <subfield code="t">Reminiscences of a campaign in the Pyrenees and south of
                France.</subfield>
            <subfield code="f">1828.</subfield>
        </datafield>
        <datafield tag="700" ind1="1" ind2=" ">
            <subfield code="a">Rocca,</subfield>
            <subfield code="c">M.</subfield>
            <subfield code="q">(Albert Jean Michel) de,</subfield>
            <subfield code="d">1788-1818.</subfield>
            <subfield code="t">Memoirs of the war of the French in Spain.</subfield>
            <subfield code="f">1828.</subfield>
        </datafield>
        <datafield tag="740" ind1="0" ind2=" ">
            <subfield code="a">Journal of a soldier of the 71st regiment from 1805-1815.</subfield>
        </datafield>
        <datafield tag="740" ind1="0" ind2=" ">
            <subfield code="a">Narrative of the battles of Quatre Bras, Ligny, and
                Waterloo.</subfield>
        </datafield>
        <datafield tag="740" ind1="0" ind2=" ">
            <subfield code="a">Death of Napoleon.</subfield>
        </datafield>
        <datafield tag="852" ind1="4" ind2=" ">
            <subfield code="a">FTaSU</subfield>
            <subfield code="b">FSULC</subfield>
            <subfield code="c">MICR</subfield>
            <subfield code="h">Film 2208</subfield>
        </datafield>
        <datafield tag="852" ind1="4" ind2=" ">
            <subfield code="a">FTaSU</subfield>
            <subfield code="b">FSULC</subfield>
            <subfield code="c">MICR</subfield>
            <subfield code="h">Film 2208</subfield>
        </datafield>
        <datafield tag="951" ind1=" " ind2=" ">
            <subfield code="1">05</subfield>
            <subfield code="a">FSU01:000528284;</subfield>
            <subfield code="5">FTaSU</subfield>
        </datafield>
        <datafield tag="999" ind1=" " ind2=" ">
            <subfield code="a">ACG3837001</subfield>
        </datafield>
    </record>