-->
    <record>
        <leader>00752nam a2200241K 4500</leader>
        <controlfield tag="001">021478097</controlfield>
        <controlfield tag="004">FSACG3879001</controlfield>
        <controlfield tag="005">20160322220000.0</controlfield>
        <controlfield tag="008">840602s1953 it a 000|0 ita d</controlfield>
        <datafield tag="035" ind1=" " ind2=" ">
            <subfield code="a">(OCoLC)10798347</subfield>
        </datafield>
        <datafield tag="040" ind1=" " ind2=" ">
            <subfield code="a">DRB</subfield>
            <subfield code="c">DRB</subfield>
            <subfield code="d">FDA</subfield>
        </datafield>
        <datafield tag="090" ind1=" " ind2=" ">
            <subfield code="a">PQ4610.B47</subfield>
            <subfield code="b">D5</subfield>
        </datafield>
        <datafield tag="100" ind1="0" ind2=" ">
            <subfield code="a">Ruzzante,</subfield>
            <subfield code="d">1502?-1542.</subfield>
        </datafield>
        <datafield tag="245" ind1="1" ind2="0">
            <subfield code="a">Dialoghi.</subfield>
            <subfield code="c">Prefazione e traduzione di G.A. Cibotto.</subfield>
        </datafield>
        <datafield tag="260" ind1=" " ind2=" ">
            <subfield code="a">[Torino]</subfield>
            <subfield code="b">G. Einaudi,</subfield>
            <subfield code="c">1953.</subfield>
        </datafield>
        <datafield tag="300" ind1=" " ind2=" ">
            <subfield code="a">77 p.</subfield>
            <subfield code="b">illus.</subfield>
            <subfield code="c">20 cm.</subfield>
        </datafield>
        <datafield tag="490" ind1="0" ind2=" ">
            <subfield code="a">Collezione di teatro,</subfield>
            <subfield code="v">6</subfield>
            <subfield code="5">FTaSU</subfield>
        </datafield>
        <datafield tag="505" ind1="0" ind2=" ">
            <subfield code="a">Reduce.--Bilora.--Menego.</subfield>
            <subfield code="5">FTaSU</subfield>
        </datafield>
        <datafield tag="700" ind1="1" ind2=" ">
            <subfield code="a">Cibotto, Gian Antonio,</subfield>
            <subfield code="d">1925-</subfield>
        </datafield>
        <datafield tag="852" ind1="0" ind2=" ">
            <subfield code="a">FTaSU</subfield>
            <subfield code="b">FSULC</subfield>
            <subfield code="c">GEN</subfield>
            <subfield code="h">PQ4610.B47</subfield>
            <subfield code="i">D5</subfield>
        </datafield>
        <datafield tag="852" ind1="0" ind2=" ">
            <subfield code="a">FTaSU</subfield>
            <subfield code="b">FSULC</subfield>
            <subfield code="c">GEN</subfield>
            <subfield code="h">PQ4610.B47</subfield>
            <subfield code="i">D5</subfield>
        </datafield>
        <datafield tag="951" ind1=" " ind2=" ">
            <subfield code="1">05</subfield>
            <subfield code="a">FSU01:000528325;</subfield>
            <subfield code="5">FTaSU</subfield>
        </datafield>
        <datafield tag="999" ind1=" " ind2=" ">
            <subfield code="a">ACG3879001</subfield>
        </datafield>
    </record>