
    <record>
        <leader>00974nam a2200253I 4500</leader>
        <controlfield tag="001">021500197</controlfield>
        <controlfield tag="004">FSAJK9448001</controlfield>
        <controlfield tag="005">20080314105706.0</controlfield>
        <controlfield tag="008">790322s1837 enk 000|0 eng </controlfield>
        <datafield tag="010" ind1=" " ind2=" ">
            <subfield code="a"> 04025174 </subfield>
        </datafield>
        <datafield tag="035" ind1=" " ind2=" ">
            <subfield code="a">(OCoLC)04767547</subfield>
        </datafield>
        <datafield tag="040" ind1=" " ind2=" ">
            <subfield code="a">DLC</subfield>
            <subfield code="c">UWC</subfield>
        </datafield>
        <datafield tag="041" ind1="1" ind2=" ">
            <subfield code="a">engfre</subfield>
        </datafield>
        <datafield tag="050" ind1="0" ind2="0">
            <subfield code="a">DC214</subfield>
            <subfield code="b">.P39 1837</subfield>
        </datafield>
        <datafield tag="100" ind1="1" ind2=" ">
            <subfield code="a">Pelet de la Lozère, Privat Joseph Claramond,</subfield>
            <subfield code="c">comte,</subfield>
            <subfield code="d">1785-1871.</subfield>
        </datafield>
        <datafield tag="245" ind1="1" ind2="0">
            <subfield code="a">Napoleon in council :</subfield>
            <subfield code="b">or, The opinions delivered by Bonaparte in the Council of state
                /</subfield>
            <subfield code="c">Tr. from the French of Baron Pelet (de la Lozère) ... by Capt. Basil
                Hall, R. N.</subfield>
        </datafield>
        <datafield tag="260" ind1=" " ind2=" ">
            <subfield code="a">Edinburgh :</subfield>
            <subfield code="b">R. Cadell ;</subfield>
            <subfield code="a">London :</subfield>
            <subfield code="b">Whittaker &amp; Co.,</subfield>
            <subfield code="c">1837.</subfield>
        </datafield>
        <datafield tag="300" ind1=" " ind2=" ">
            <subfield code="a">xii, 334 p. :</subfield>
            <subfield code="b">1 facsim.</subfield>
            <subfield code="c">19 cm.</subfield>
        </datafield>
        <datafield tag="600" ind1="0" ind2="0">
            <subfield code="a">Napoleon</subfield>
            <subfield code="b">I,</subfield>
            <subfield code="c">Emperor of the French,</subfield>
            <subfield code="d">1769-1821.</subfield>
        </datafield>
        <datafield tag="700" ind1="1" ind2=" ">
            <subfield code="a">Hall, Basil,</subfield>
            <subfield code="d">1788-1844.</subfield>
        </datafield>
        <datafield tag="852" ind1="0" ind2=" ">
            <subfield code="a">FTaSU</subfield>
            <subfield code="b">FSUSP</subfield>
            <subfield code="c">NAP</subfield>
            <subfield code="h">DC214</subfield>
            <subfield code="i">.P39 1837</subfield>
        </datafield>
        <datafield tag="852" ind1="0" ind2=" ">
            <subfield code="a">FTaSU</subfield>
            <subfield code="b">FSUSP</subfield>
            <subfield code="c">NAP</subfield>
            <subfield code="h">DC214</subfield>
            <subfield code="i">.P39 1837</subfield>
        </datafield>
        <datafield tag="951" ind1=" " ind2=" ">
            <subfield code="1">05</subfield>
            <subfield code="a">FSU01:001538425;</subfield>
            <subfield code="5">FTaSU</subfield>
        </datafield>
        <datafield tag="999" ind1=" " ind2=" ">
            <subfield code="a">AJK9448001</subfield>
        </datafield>
    </record>