
    <record>
        <leader>01234nam a2200313Ia 4500</leader>
        <controlfield tag="001">021564700</controlfield>
        <controlfield tag="004">FSACG5434001</controlfield>
        <controlfield tag="005">20120622230500.0</controlfield>
        <controlfield tag="008">840628s1895 fr cf b 000|0cfre d</controlfield>
        <datafield tag="035" ind1=" " ind2=" ">
            <subfield code="a">(OCoLC)10897368</subfield>
        </datafield>
        <datafield tag="040" ind1=" " ind2=" ">
            <subfield code="a">MHR</subfield>
            <subfield code="c">MHR</subfield>
            <subfield code="d">FDA</subfield>
        </datafield>
        <datafield tag="043" ind1=" " ind2=" ">
            <subfield code="a">e-fr---</subfield>
        </datafield>
        <datafield tag="090" ind1=" " ind2=" ">
            <subfield code="a">DC198.A1</subfield>
            <subfield code="b">G5</subfield>
        </datafield>
        <datafield tag="100" ind1="1" ind2=" ">
            <subfield code="a">Girod de l'Ain, Maurice,</subfield>
            <subfield code="d">b. 1854.</subfield>
        </datafield>
        <datafield tag="245" ind1="1" ind2="0">
            <subfield code="a">Grands artilleurs :</subfield>
            <subfield code="b">Drouot--Senarmont--Eblé /</subfield>
            <subfield code="c">Maurice Girod de l'Ain. ; avec 4 portraits.</subfield>
        </datafield>
        <datafield tag="260" ind1=" " ind2=" ">
            <subfield code="a">Paris :</subfield>
            <subfield code="b">Berger-Levrault,</subfield>
            <subfield code="c">1895.</subfield>
        </datafield>
        <datafield tag="300" ind1=" " ind2=" ">
            <subfield code="a">465 p., [4] p. of plates :</subfield>
            <subfield code="b">ports. ;</subfield>
            <subfield code="c">25 cm.</subfield>
        </datafield>
        <datafield tag="500" ind1=" " ind2=" ">
            <subfield code="a">On cover: Lycée Saint-Louis.</subfield>
            <subfield code="5">FTaSU</subfield>
        </datafield>
        <datafield tag="504" ind1=" " ind2=" ">
            <subfield code="a">Includes bibliographic references.</subfield>
        </datafield>
        <datafield tag="600" ind1="1" ind2="0">
            <subfield code="a">Drouot, Antoine,</subfield>
            <subfield code="c">comte,</subfield>
            <subfield code="d">1774-1847.</subfield>
        </datafield>
        <datafield tag="600" ind1="1" ind2="0">
            <subfield code="a">Senarmont, Alexandre Antoine de,</subfield>
            <subfield code="d">1769-1810.</subfield>
        </datafield>
        <datafield tag="600" ind1="1" ind2="0">
            <subfield code="a">Senarmont, Alexandre-François de,</subfield>
            <subfield code="d">1735-1805.</subfield>
        </datafield>
        <datafield tag="600" ind1="1" ind2="0">
            <subfield code="a">Eblé, Jean Baptiste,</subfield>
            <subfield code="d">1758-1812.</subfield>
        </datafield>
        <datafield tag="610" ind1="1" ind2="0">
            <subfield code="a">France.</subfield>
            <subfield code="b">Armée</subfield>
            <subfield code="b">Grande Armée</subfield>
            <subfield code="x">Biography.</subfield>
        </datafield>
        <datafield tag="650" ind1=" " ind2="0">
            <subfield code="a">Generals</subfield>
            <subfield code="z">France</subfield>
            <subfield code="x">Biography.</subfield>
        </datafield>
        <datafield tag="852" ind1="0" ind2=" ">
            <subfield code="a">FTaSU</subfield>
            <subfield code="b">FSUSP</subfield>
            <subfield code="c">NAP</subfield>
            <subfield code="h">DC198.A1</subfield>
            <subfield code="i">G5</subfield>
            <subfield code="x">Redesignated from subbasement 10/05/2006 rjm</subfield>
        </datafield>
        <datafield tag="852" ind1="0" ind2=" ">
            <subfield code="a">FTaSU</subfield>
            <subfield code="b">FSUSP</subfield>
            <subfield code="c">NAP</subfield>
            <subfield code="h">DC198.A1</subfield>
            <subfield code="i">G5</subfield>
            <subfield code="x">Redesignated from subbasement 10/05/2006 rjm</subfield>
        </datafield>
        <datafield tag="951" ind1=" " ind2=" ">
            <subfield code="1">05</subfield>
            <subfield code="a">FSU01:000529845;</subfield>
            <subfield code="5">FTaSU</subfield>
        </datafield>
        <datafield tag="999" ind1=" " ind2=" ">
            <subfield code="a">ACG5434001</subfield>
        </datafield>
    </record>