
    <record>
        <leader>01028nam a2200253I 4500</leader>
        <controlfield tag="001">021681230</controlfield>
        <controlfield tag="004">FSAAH2632001</controlfield>
        <controlfield tag="005">20081223152003.0</controlfield>
        <controlfield tag="008">720519 1903 | eng u</controlfield>
        <datafield tag="010" ind1=" " ind2=" ">
            <subfield code="a"> 41041885 </subfield>
        </datafield>
        <datafield tag="035" ind1=" " ind2=" ">
            <subfield code="a">(OCoLC)00312513</subfield>
        </datafield>
        <datafield tag="040" ind1=" " ind2=" ">
            <subfield code="c">KSU</subfield>
            <subfield code="d">FDA</subfield>
        </datafield>
        <datafield tag="050" ind1="0" ind2="0">
            <subfield code="a">DC241.5</subfield>
            <subfield code="b">.J3 1903</subfield>
        </datafield>
        <datafield tag="100" ind1="1" ind2=" ">
            <subfield code="a">Jackson, Basil,</subfield>
            <subfield code="d">1795-1889.</subfield>
        </datafield>
        <datafield tag="245" ind1="1" ind2="0">
            <subfield code="a">Notes and reminiscences of a staff officer,</subfield>
            <subfield code="b">chiefly relating to the Waterloo campaign and to St. Helena matters
                during the captivity of Napoleon,</subfield>
            <subfield code="c">by Lieut.-Col. Basil Jackson; ed. by R. C. Seaton.</subfield>
        </datafield>
        <datafield tag="260" ind1=" " ind2=" ">
            <subfield code="a">London,</subfield>
            <subfield code="b">J. Murray,</subfield>
            <subfield code="c">1903.</subfield>
        </datafield>
        <datafield tag="300" ind1=" " ind2=" ">
            <subfield code="a">xii, 218 p.</subfield>
            <subfield code="b">illus.</subfield>
            <subfield code="c">21 cm.</subfield>
        </datafield>
        <datafield tag="600" ind1="0" ind2="0">
            <subfield code="a">Napoleon</subfield>
            <subfield code="b">I,</subfield>
            <subfield code="c">Emperor of the French,</subfield>
            <subfield code="d">1769-1821</subfield>
            <subfield code="x">Captivity, 1815-1821.</subfield>
        </datafield>
        <datafield tag="650" ind1=" " ind2="0">
            <subfield code="a">Waterloo, Battle of, Waterloo, Belgium, 1815</subfield>
            <subfield code="x">Personal narratives.</subfield>
        </datafield>
        <datafield tag="700" ind1="1" ind2=" ">
            <subfield code="a">Seaton, R. C.</subfield>
            <subfield code="q">(Robert Cooper),</subfield>
            <subfield code="d">1853-1915.</subfield>
        </datafield>
        <datafield tag="852" ind1="0" ind2=" ">
            <subfield code="a">FTaSU</subfield>
            <subfield code="b">FSUSP</subfield>
            <subfield code="c">NAP</subfield>
            <subfield code="h">DC241.5</subfield>
            <subfield code="i">.J3 1903</subfield>
        </datafield>
        <datafield tag="852" ind1="0" ind2=" ">
            <subfield code="a">FTaSU</subfield>
            <subfield code="b">FSUSP</subfield>
            <subfield code="c">NAP</subfield>
            <subfield code="h">DC241.5</subfield>
            <subfield code="i">.J3 1903</subfield>
        </datafield>
        <datafield tag="951" ind1=" " ind2=" ">
            <subfield code="1">05</subfield>
            <subfield code="a">FSU01:000070632;</subfield>
            <subfield code="5">FTaSU</subfield>
        </datafield>
        <datafield tag="999" ind1=" " ind2=" ">
            <subfield code="a">AAH2632001</subfield>
        </datafield>
    </record>