
    <record>
        <leader>01080nam a2200301Ia 4500</leader>
        <controlfield tag="001">021838785</controlfield>
        <controlfield tag="004">FSACH1588001</controlfield>
        <controlfield tag="005">20090625090822.0</controlfield>
        <controlfield tag="008">841018s1984 enka b 000|0 eng d</controlfield>
        <datafield tag="019" ind1=" " ind2=" ">
            <subfield code="a">11281734</subfield>
        </datafield>
        <datafield tag="020" ind1=" " ind2=" ">
            <subfield code="a">0297783947 :</subfield>
            <subfield code="c">$20.10</subfield>
        </datafield>
        <datafield tag="035" ind1=" " ind2=" ">
            <subfield code="a">(OCoLC)12945711</subfield>
        </datafield>
        <datafield tag="040" ind1=" " ind2=" ">
            <subfield code="a">AZS</subfield>
            <subfield code="c">AZS</subfield>
            <subfield code="d">FDA</subfield>
        </datafield>
        <datafield tag="090" ind1=" " ind2=" ">
            <subfield code="a">DC147</subfield>
            <subfield code="b">.P34 1984b</subfield>
        </datafield>
        <datafield tag="100" ind1="1" ind2=" ">
            <subfield code="a">Palmer, Alan,</subfield>
            <subfield code="d">1926-</subfield>
        </datafield>
        <datafield tag="245" ind1="1" ind2="3">
            <subfield code="a">An encyclopaedia of Napoleon's Europe /</subfield>
            <subfield code="c">Alan Palmer.</subfield>
        </datafield>
        <datafield tag="260" ind1=" " ind2=" ">
            <subfield code="a">London :</subfield>
            <subfield code="b">Weidenfeld and Nicolson,</subfield>
            <subfield code="c">1984.</subfield>
        </datafield>
        <datafield tag="300" ind1=" " ind2=" ">
            <subfield code="a">xxiv, 300 p. :</subfield>
            <subfield code="b">ill. ;</subfield>
            <subfield code="c">24 cm.</subfield>
        </datafield>
        <datafield tag="504" ind1=" " ind2=" ">
            <subfield code="a">Bibliography: p. 299-300.</subfield>
        </datafield>
        <datafield tag="600" ind1="0" ind2="0">
            <subfield code="a">Napoleon</subfield>
            <subfield code="b">I,</subfield>
            <subfield code="c">Emperor of the French,</subfield>
            <subfield code="d">1769-1821</subfield>
            <subfield code="x">Dictionaries, indexes, etc.</subfield>
        </datafield>
        <datafield tag="650" ind1=" " ind2="0">
            <subfield code="a">Names, Geographical</subfield>
            <subfield code="z">Europe.</subfield>
        </datafield>
        <datafield tag="651" ind1=" " ind2="0">
            <subfield code="a">France</subfield>
            <subfield code="x">History</subfield>
            <subfield code="y">1789-1815</subfield>
            <subfield code="v">Dictionaries.</subfield>
        </datafield>
        <datafield tag="651" ind1=" " ind2="0">
            <subfield code="a">Europe</subfield>
            <subfield code="x">History</subfield>
            <subfield code="y">1789-1815</subfield>
            <subfield code="v">Dictionaries.</subfield>
        </datafield>
        <datafield tag="852" ind1="0" ind2=" ">
            <subfield code="a">FTaSU</subfield>
            <subfield code="b">FSULC</subfield>
            <subfield code="c">SUB</subfield>
            <subfield code="h">DC147</subfield>
            <subfield code="i">.P34 1984b</subfield>
        </datafield>
        <datafield tag="852" ind1="0" ind2=" ">
            <subfield code="a">FTaSU</subfield>
            <subfield code="b">FSULC</subfield>
            <subfield code="c">SUB</subfield>
            <subfield code="h">DC147</subfield>
            <subfield code="i">.P34 1984b</subfield>
        </datafield>
        <datafield tag="852" ind1="0" ind2=" ">
            <subfield code="a">FTaSU</subfield>
            <subfield code="b">FSULC</subfield>
            <subfield code="c">SUB</subfield>
            <subfield code="h">DC147</subfield>
            <subfield code="i">.P34 1984b</subfield>
            <subfield code="t">2</subfield>
            <subfield code="x">Withdrawn 06/25/2009 nmd</subfield>
        </datafield>
        <datafield tag="951" ind1=" " ind2=" ">
            <subfield code="1">05</subfield>
            <subfield code="a">FSU01:000535823;</subfield>
            <subfield code="5">FTaSU</subfield>
        </datafield>
        <datafield tag="999" ind1=" " ind2=" ">
            <subfield code="a">ACH1588001</subfield>
        </datafield>
    </record>