
    <record>
        <leader>01862nam a2200481I 4500</leader>
        <controlfield tag="001">021851232</controlfield>
        <controlfield tag="004">FSABA8160001</controlfield>
        <controlfield tag="005">20150203184200.0</controlfield>
        <controlfield tag="008">751028s1950 enk 001|0 eng </controlfield>
        <datafield tag="010" ind1=" " ind2=" ">
            <subfield code="a"> 51004821 </subfield>
        </datafield>
        <datafield tag="015" ind1=" " ind2=" ">
            <subfield code="a">GB51-1902</subfield>
        </datafield>
        <datafield tag="035" ind1=" " ind2=" ">
            <subfield code="a">(OCoLC)01741113</subfield>
        </datafield>
        <datafield tag="040" ind1=" " ind2=" ">
            <subfield code="a">DLC</subfield>
            <subfield code="c">OUN</subfield>
            <subfield code="d">UKM</subfield>
            <subfield code="d">FGA</subfield>
        </datafield>
        <datafield tag="050" ind1="0" ind2=" ">
            <subfield code="a">DC150</subfield>
            <subfield code="b">.M6</subfield>
        </datafield>
        <datafield tag="050" ind1="0" ind2=" ">
            <subfield code="a">DC150</subfield>
            <subfield code="b">.M6 1950</subfield>
        </datafield>
        <datafield tag="082" ind1="0" ind2=" ">
            <subfield code="a">923.244</subfield>
        </datafield>
        <datafield tag="100" ind1="1" ind2=" ">
            <subfield code="a">Morton, J. B.</subfield>
            <subfield code="q">(John Bingham),</subfield>
            <subfield code="d">1893-1979.</subfield>
        </datafield>
        <datafield tag="245" ind1="0" ind2="0">
            <subfield code="a">Camille Desmoulins,</subfield>
            <subfield code="b">and other studies of the French Revolution.</subfield>
        </datafield>
        <datafield tag="260" ind1=" " ind2=" ">
            <subfield code="a">London,</subfield>
            <subfield code="b">W. Laurie</subfield>
            <subfield code="c">[1950]</subfield>
        </datafield>
        <datafield tag="300" ind1=" " ind2=" ">
            <subfield code="a">208 p.</subfield>
            <subfield code="c">23 cm.</subfield>
        </datafield>
        <datafield tag="500" ind1=" " ind2=" ">
            <subfield code="a">Includes index.</subfield>
            <subfield code="5">FOFT</subfield>
        </datafield>
        <datafield tag="505" ind1="0" ind2=" ">
            <subfield code="a">Camille Desmoulins.--Mirabeau.--The marriage of
                Talleyrand.--Saint-Just and Henriette Le Bas.--Fouquier-Tinville.--Théroigne de
                Méricourt.--Barnave.</subfield>
            <subfield code="5">FFmFGC</subfield>
            <subfield code="5">FSsNC</subfield>
            <subfield code="5">FTaSU</subfield>
            <subfield code="5">FOFT</subfield>
        </datafield>
        <datafield tag="590" ind1=" " ind2=" ">
            <subfield code="a">This item is part of the Walter and Dorothy Donnelly
                collection.</subfield>
            <subfield code="5">FOFT</subfield>
        </datafield>
        <datafield tag="600" ind1="1" ind2="0">
            <subfield code="a">Desmoulins, Camille,</subfield>
            <subfield code="d">1760-1794.</subfield>
        </datafield>
        <datafield tag="651" ind1=" " ind2="0">
            <subfield code="a">France</subfield>
            <subfield code="x">History</subfield>
            <subfield code="y">Revolution.</subfield>
        </datafield>
        <datafield tag="651" ind1=" " ind2="0">
            <subfield code="a">France</subfield>
            <subfield code="x">History</subfield>
            <subfield code="y">Revolution, 1789-1799.</subfield>
        </datafield>
        <datafield tag="899" ind1=" " ind2="0">
            <subfield code="a">Walter and Dorothy Donnelly collection.</subfield>
            <subfield code="5">FOFT</subfield>
        </datafield>
        <datafield tag="852" ind1="0" ind2=" ">
            <subfield code="a">FTaSU</subfield>
            <subfield code="b">FSUSP</subfield>
            <subfield code="c">NAP</subfield>
            <subfield code="h">DC150</subfield>
            <subfield code="i">.M6</subfield>
            <subfield code="x">Redesignated from subbasement 09/20/2006 nmd</subfield>
        </datafield>
        <datafield tag="852" ind1="0" ind2=" ">
            <subfield code="a">ffmfgc</subfield>
            <subfield code="b">GCUMN</subfield>
            <subfield code="c">MAIN</subfield>
            <subfield code="h">DC150</subfield>
            <subfield code="i">.M6</subfield>
        </datafield>
        <datafield tag="852" ind1="0" ind2=" ">
            <subfield code="a">FSsNC</subfield>
            <subfield code="b">NCJBC</subfield>
            <subfield code="c">CIRC</subfield>
            <subfield code="h">DC150</subfield>
            <subfield code="i">.M6</subfield>
        </datafield>
        <datafield tag="852" ind1="0" ind2=" ">
            <subfield code="a">FOFT</subfield>
            <subfield code="b">CFMGC</subfield>
            <subfield code="c">GC</subfield>
            <subfield code="h">DC150</subfield>
            <subfield code="i">.M6 1950</subfield>
        </datafield>
        <datafield tag="852" ind1="0" ind2=" ">
            <subfield code="a">FTaSU</subfield>
            <subfield code="b">FSUSP</subfield>
            <subfield code="c">NAP</subfield>
            <subfield code="h">DC150</subfield>
            <subfield code="i">.M6</subfield>
            <subfield code="x">Redesignated from subbasement 09/20/2006 nmd</subfield>
        </datafield>
        <datafield tag="852" ind1="0" ind2=" ">
            <subfield code="a">ffmfgc</subfield>
            <subfield code="b">GCUMN</subfield>
            <subfield code="c">MAIN</subfield>
            <subfield code="h">DC150</subfield>
            <subfield code="i">.M6</subfield>
        </datafield>
        <datafield tag="852" ind1="0" ind2=" ">
            <subfield code="a">FSsNC</subfield>
            <subfield code="b">NCJBC</subfield>
            <subfield code="c">CIRC</subfield>
            <subfield code="h">DC150</subfield>
            <subfield code="i">.M6</subfield>
        </datafield>
        <datafield tag="852" ind1="0" ind2=" ">
            <subfield code="a">FOFT</subfield>
            <subfield code="b">CFMGC</subfield>
            <subfield code="c">GC</subfield>
            <subfield code="h">DC150</subfield>
            <subfield code="i">.M6 1950</subfield>
        </datafield>
        <datafield tag="951" ind1=" " ind2=" ">
            <subfield code="1">07</subfield>
            <subfield code="a">CFU01:000822909;</subfield>
            <subfield code="5">FOFT</subfield>
        </datafield>
        <datafield tag="951" ind1=" " ind2=" ">
            <subfield code="1">05</subfield>
            <subfield code="a">FSU01:000241328;</subfield>
            <subfield code="5">FTaSU</subfield>
        </datafield>
        <datafield tag="951" ind1=" " ind2=" ">
            <subfield code="1">03</subfield>
            <subfield code="a">GCU01:000049098;</subfield>
            <subfield code="5">FFmFGC</subfield>
        </datafield>
        <datafield tag="951" ind1=" " ind2=" ">
            <subfield code="1">06</subfield>
            <subfield code="a">NCU01:000081250;</subfield>
            <subfield code="5">FSsNC</subfield>
        </datafield>
        <datafield tag="999" ind1=" " ind2=" ">
            <subfield code="a">ABA8160001</subfield>
        </datafield>
        <datafield tag="999" ind1=" " ind2=" ">
            <subfield code="a">AAF2085001</subfield>
        </datafield>
        <datafield tag="999" ind1=" " ind2=" ">
            <subfield code="a">ADM1509001</subfield>
        </datafield>
        <datafield tag="999" ind1=" " ind2=" ">
            <subfield code="a">AEL6119001</subfield>
        </datafield>
    </record>