
 <!--   <record>
        <leader>00936nam a2200241Ia 4500</leader>
        <controlfield tag="001">021867167</controlfield>
        <controlfield tag="004">FSAJM0232001</controlfield>
        <controlfield tag="005">20120622231500.0</controlfield>
        <controlfield tag="007">hduafb|||baca</controlfield>
        <controlfield tag="008">921113s1902 nyu a 000|1 eng d</controlfield>
        <datafield tag="035" ind1=" " ind2=" ">
            <subfield code="a">(OCoLC)26967030</subfield>
        </datafield>
        <datafield tag="040" ind1=" " ind2=" ">
            <subfield code="a">FOC</subfield>
            <subfield code="c">FOC</subfield>
        </datafield>
        <datafield tag="090" ind1=" " ind2=" ">
            <subfield code="a">PZ3</subfield>
            <subfield code="b">.W7x v.4, reel 213, no.2073</subfield>
        </datafield>
        <datafield tag="099" ind1=" " ind2=" ">
            <subfield code="a">Film</subfield>
            <subfield code="a">4396</subfield>
            <subfield code="a">reel 213, no. 2073.</subfield>
        </datafield>
        <datafield tag="100" ind1="1" ind2=" ">
            <subfield code="a">Slade, A. F.</subfield>
        </datafield>
        <datafield tag="245" ind1="1" ind2="0">
            <subfield code="a">Mary Neville</subfield>
            <subfield code="h">microform :</subfield>
            <subfield code="b">the history of a woman who attempted too much /</subfield>
            <subfield code="c">by A.F. Slade.</subfield>
        </datafield>
        <datafield tag="260" ind1=" " ind2=" ">
            <subfield code="a">New York :</subfield>
            <subfield code="b">Brentano's,</subfield>
            <subfield code="c">1902.</subfield>
        </datafield>
        <datafield tag="300" ind1=" " ind2=" ">
            <subfield code="a">414 p. ;</subfield>
            <subfield code="c">20 cm.</subfield>
        </datafield>
        <datafield tag="533" ind1=" " ind2=" ">
            <subfield code="a">Microfilm.</subfield>
            <subfield code="b">Woodbridge, Conn. :</subfield>
            <subfield code="c">Research Publications,</subfield>
            <subfield code="d">1979.</subfield>
            <subfield code="e">on 1 microfilm reel ; 35 mm.</subfield>
            <subfield code="f">(American fiction IV, 1901-1905 ; reel 213, no. 2073).</subfield>
            <subfield code="5">FTaSU</subfield>
        </datafield>
        <datafield tag="852" ind1="4" ind2=" ">
            <subfield code="a">FTaSU</subfield>
            <subfield code="b">FSULC</subfield>
            <subfield code="c">MICR</subfield>
            <subfield code="h">Film 4396 v. 4 reel 213, no. 2073.</subfield>
        </datafield>
        <datafield tag="852" ind1="4" ind2=" ">
            <subfield code="a">FTaSU</subfield>
            <subfield code="b">FSULC</subfield>
            <subfield code="c">MICR</subfield>
            <subfield code="h">Film 4396 v. 4 reel 213, no. 2073.</subfield>
        </datafield>
        <datafield tag="951" ind1=" " ind2=" ">
            <subfield code="1">05</subfield>
            <subfield code="a">FSU01:001549037;</subfield>
            <subfield code="5">FTaSU</subfield>
        </datafield>
        <datafield tag="999" ind1=" " ind2=" ">
            <subfield code="a">AJM0232001</subfield>
        </datafield>
    </record>