-->
    <record>
        <leader>01218nam a2200289Ia 4500</leader>
        <controlfield tag="001">021877408</controlfield>
        <controlfield tag="004">FSAFU0823001</controlfield>
        <controlfield tag="005">20150818090900.0</controlfield>
        <controlfield tag="008">841126s1863 be 000|0 fre d</controlfield>
        <datafield tag="035" ind1=" " ind2=" ">
            <subfield code="a">(OCoLC)11418028</subfield>
        </datafield>
        <datafield tag="040" ind1=" " ind2=" ">
            <subfield code="a">LFM</subfield>
            <subfield code="c">LFM</subfield>
        </datafield>
        <datafield tag="100" ind1="1" ind2=" ">
            <subfield code="a">Charras, Jean-Baptiste Adolphe,</subfield>
            <subfield code="d">1810-1865.</subfield>
        </datafield>
        <datafield tag="245" ind1="1" ind2="0">
            <subfield code="a">Histoire de la campagne de 1815 :</subfield>
            <subfield code="b">Waterloo.</subfield>
            <subfield code="c">Par le lt-colonel Charras.</subfield>
        </datafield>
        <datafield tag="250" ind1=" " ind2=" ">
            <subfield code="a">4e 'ed. rev. et augm. de notes en réponse aus assertions de m. Thiers
                dans son récit de cette campagne.</subfield>
        </datafield>
        <datafield tag="260" ind1=" " ind2=" ">
            <subfield code="a">Bruxelles,</subfield>
            <subfield code="b">Lacroix, Verboeckhoven,</subfield>
            <subfield code="c">1863.</subfield>
        </datafield>
        <datafield tag="300" ind1=" " ind2=" ">
            <subfield code="a">xv, 690 p.</subfield>
            <subfield code="b">atlas.</subfield>
            <subfield code="c">23 cm.</subfield>
        </datafield>
        <datafield tag="500" ind1=" " ind2=" ">
            <subfield code="a">On spine: Campagne de 1815. Waterloo.</subfield>
            <subfield code="5">FTaSU</subfield>
        </datafield>
        <datafield tag="504" ind1=" " ind2=" ">
            <subfield code="a">Includes bibliographical references.</subfield>
        </datafield>
        <datafield tag="650" ind1=" " ind2="0">
            <subfield code="a">Waterloo, Battle of, Waterloo, Belgium, 1815</subfield>
        </datafield>
        <datafield tag="600" ind1="0" ind2="0">
            <subfield code="a">Napoleon</subfield>
            <subfield code="b">I,</subfield>
            <subfield code="c">Emperor of the French,</subfield>
            <subfield code="d">1769-1821</subfield>
            <subfield code="y">Elba and the Hundred Days, 1814-1815.</subfield>
        </datafield>
        <datafield tag="740" ind1="0" ind2=" ">
            <subfield code="a">Histoire de la campagne de dix-huit cent quinze :
                Waterloo.</subfield>
        </datafield>
        <datafield tag="740" ind1="0" ind2=" ">
            <subfield code="a">Campagne de 1915. Waterloo.</subfield>
        </datafield>
        <datafield tag="740" ind1="0" ind2=" ">
            <subfield code="a">Campagne de dix-huit cent quinze. Waterloo.</subfield>
        </datafield>
        <datafield tag="852" ind1="0" ind2=" ">
            <subfield code="a">FTaSU</subfield>
            <subfield code="b">FSUSP</subfield>
            <subfield code="c">NAP</subfield>
            <subfield code="h">DC242</subfield>
            <subfield code="i">.C48 1863</subfield>
        </datafield>
        <datafield tag="852" ind1="0" ind2=" ">
            <subfield code="a">FTaSU</subfield>
            <subfield code="b">FSUSP</subfield>
            <subfield code="c">NAP</subfield>
            <subfield code="h">DC242</subfield>
            <subfield code="i">.C48 1863</subfield>
        </datafield>
        <datafield tag="951" ind1=" " ind2=" ">
            <subfield code="1">05</subfield>
            <subfield code="a">FSU01:001046204;</subfield>
            <subfield code="5">FTaSU</subfield>
        </datafield>
        <datafield tag="999" ind1=" " ind2=" ">
            <subfield code="a">AFU0823001</subfield>
        </datafield>
    </record>