
    <record>
        <leader>02023cam a2200541 4500</leader>
        <controlfield tag="001">021946133</controlfield>
        <controlfield tag="004">NFAAH9148001</controlfield>
        <controlfield tag="005">20060107152722.0</controlfield>
        <controlfield tag="008">781002s1965 enkab g b 001|0 eng </controlfield>
        <datafield tag="010" ind1=" " ind2=" ">
            <subfield code="a">65008456 </subfield>
        </datafield>
        <datafield tag="035" ind1=" " ind2=" ">
            <subfield code="a">(OCoLC)00573862</subfield>
        </datafield>
        <datafield tag="035" ind1=" " ind2=" ">
            <subfield code="a">(OCoLC)00573862</subfield>
        </datafield>
        <datafield tag="040" ind1=" " ind2=" ">
            <subfield code="a">REMC</subfield>
            <subfield code="b">eng</subfield>
        </datafield>
        <datafield tag="043" ind1=" " ind2=" ">
            <subfield code="a">e-uk---</subfield>
        </datafield>
        <datafield tag="050" ind1=" " ind2=" ">
            <subfield code="a">UA661</subfield>
            <subfield code="b">.W48</subfield>
        </datafield>
        <datafield tag="090" ind1=" " ind2=" ">
            <subfield code="a">UA661</subfield>
            <subfield code="b">.W48</subfield>
        </datafield>
        <datafield tag="092" ind1="0" ind2=" ">
            <subfield code="a">942.07</subfield>
            <subfield code="b">W527e</subfield>
        </datafield>
        <datafield tag="100" ind1="1" ind2=" ">
            <subfield code="a">Western, J. R.</subfield>
            <subfield code="q">(John R.)</subfield>
        </datafield>
        <datafield tag="245" ind1="1" ind2="4">
            <subfield code="a">The English militia in the eighteenth century :</subfield>
            <subfield code="b">the story of a political issue, 1660-1802 /</subfield>
            <subfield code="c">by J.R. Western. --</subfield>
        </datafield>
        <datafield tag="260" ind1=" " ind2=" ">
            <subfield code="a">London :</subfield>
            <subfield code="b">Routledge &amp; K. Paul ;</subfield>
            <subfield code="a">Toronto :</subfield>
            <subfield code="b">University of Toronto Press,</subfield>
            <subfield code="c">1965.</subfield>
        </datafield>
        <datafield tag="300" ind1=" " ind2=" ">
            <subfield code="a">xv, 479 p., [4] leaves of plates :</subfield>
            <subfield code="b">ill., map ;</subfield>
            <subfield code="c">23 cm. --</subfield>
        </datafield>
        <datafield tag="440" ind1=" " ind2="0">
            <subfield code="a">Studies in political history</subfield>
            <subfield code="5">FU</subfield>
        </datafield>
        <datafield tag="490" ind1="0" ind2=" ">
            <subfield code="a">Studies in political history</subfield>
            <subfield code="5">FPeU</subfield>
            <subfield code="5">FJUNF</subfield>
            <subfield code="5">FBoU</subfield>
            <subfield code="5">FTaSU</subfield>
        </datafield>
        <datafield tag="504" ind1=" " ind2=" ">
            <subfield code="a">Includes bibliographical references and index.</subfield>
        </datafield>
        <datafield tag="583" ind1="1" ind2=" ">
            <subfield code="5">flgafar</subfield>
            <subfield code="a">committed to retain</subfield>
            <subfield code="c">20140217</subfield>
            <subfield code="d">committed to retain permanently</subfield>
            <subfield code="f">FLARE</subfield>
            <subfield code="j">FSTO</subfield>
        </datafield>
        <datafield tag="583" ind1="1" ind2=" ">
            <subfield code="5">flgafar</subfield>
            <subfield code="a">condition reviewed</subfield>
            <subfield code="c">20140217</subfield>
            <subfield code="f">FLARE</subfield>
            <subfield code="j">FSTO</subfield>
        </datafield>
        <datafield tag="651" ind1=" " ind2="0">
            <subfield code="a">Great Britain</subfield>
            <subfield code="x">Politics and government.</subfield>
        </datafield>
        <datafield tag="651" ind1=" " ind2="0">
            <subfield code="a">Great Britain</subfield>
            <subfield code="x">Militia.</subfield>
        </datafield>
        <datafield tag="852" ind1="0" ind2=" ">
            <subfield code="a">FJUNF</subfield>
            <subfield code="b">NFUCC</subfield>
            <subfield code="c">GENL</subfield>
            <subfield code="h">UA661</subfield>
            <subfield code="i">.W48</subfield>
        </datafield>
        <datafield tag="852" ind1="1" ind2=" ">
            <subfield code="a">FlGaFAR</subfield>
            <subfield code="b">FLARE</subfield>
            <subfield code="c">TRAY</subfield>
            <subfield code="h">942.07</subfield>
            <subfield code="i">W527e</subfield>
        </datafield>
        <datafield tag="852" ind1="0" ind2=" ">
            <subfield code="a">FPeU</subfield>
            <subfield code="b">WFPAC</subfield>
            <subfield code="c">PGEN</subfield>
            <subfield code="h">UA661</subfield>
            <subfield code="i">.W48</subfield>
        </datafield>
        <datafield tag="852" ind1="0" ind2=" ">
            <subfield code="a">FBoU</subfield>
            <subfield code="b">FABOC</subfield>
            <subfield code="c">GEN</subfield>
            <subfield code="h">UA661</subfield>
            <subfield code="i">.W48</subfield>
        </datafield>
        <datafield tag="852" ind1="0" ind2=" ">
            <subfield code="a">FTaSU</subfield>
            <subfield code="b">FSULC</subfield>
            <subfield code="c">GEN</subfield>
            <subfield code="h">UA661</subfield>
            <subfield code="i">.W48</subfield>
        </datafield>
        <datafield tag="852" ind1="0" ind2=" ">
            <subfield code="a">FJUNF</subfield>
            <subfield code="b">NFUCC</subfield>
            <subfield code="c">GENL</subfield>
            <subfield code="h">UA661</subfield>
            <subfield code="i">.W48</subfield>
        </datafield>
        <datafield tag="852" ind1="1" ind2=" ">
            <subfield code="a">FlGaFAR</subfield>
            <subfield code="b">FLARE</subfield>
            <subfield code="c">TRAY</subfield>
            <subfield code="h">942.07</subfield>
            <subfield code="i">W527e</subfield>
        </datafield>
        <datafield tag="852" ind1="0" ind2=" ">
            <subfield code="a">FPeU</subfield>
            <subfield code="b">WFPAC</subfield>
            <subfield code="c">PGEN</subfield>
            <subfield code="h">UA661</subfield>
            <subfield code="i">.W48</subfield>
        </datafield>
        <datafield tag="852" ind1="0" ind2=" ">
            <subfield code="a">FBoU</subfield>
            <subfield code="b">FABOC</subfield>
            <subfield code="c">GEN</subfield>
            <subfield code="h">UA661</subfield>
            <subfield code="i">.W48</subfield>
        </datafield>
        <datafield tag="852" ind1="0" ind2=" ">
            <subfield code="a">FTaSU</subfield>
            <subfield code="b">FSULC</subfield>
            <subfield code="c">GEN</subfield>
            <subfield code="h">UA661</subfield>
            <subfield code="i">.W48</subfield>
        </datafield>
        <datafield tag="852" ind1="1" ind2=" ">
            <subfield code="a">FU</subfield>
            <subfield code="b">UFSTO</subfield>
            <subfield code="c">UFFLR</subfield>
            <subfield code="h">942.07</subfield>
            <subfield code="i">W527e</subfield>
        </datafield>
        <datafield tag="951" ind1=" " ind2=" ">
            <subfield code="1">02</subfield>
            <subfield code="a">FAU01:000091486;</subfield>
            <subfield code="5">FBoU</subfield>
        </datafield>
        <datafield tag="951" ind1=" " ind2=" ">
            <subfield code="1">05</subfield>
            <subfield code="a">FSU01:000121201;</subfield>
            <subfield code="5">FTaSU</subfield>
        </datafield>
        <datafield tag="951" ind1=" " ind2=" ">
            <subfield code="1">09</subfield>
            <subfield code="a">NFU01:000076760;</subfield>
            <subfield code="5">FJUNF</subfield>
        </datafield>
        <datafield tag="951" ind1=" " ind2=" ">
            <subfield code="1">08</subfield>
            <subfield code="a">UFU01:000777290;</subfield>
            <subfield code="5">FU</subfield>
        </datafield>
        <datafield tag="951" ind1=" " ind2=" ">
            <subfield code="1">11</subfield>
            <subfield code="a">WFU01:000082183;</subfield>
            <subfield code="5">FPeU</subfield>
        </datafield>
        <datafield tag="999" ind1=" " ind2=" ">
            <subfield code="a">AAH9148001</subfield>
        </datafield>
        <datafield tag="999" ind1=" " ind2=" ">
            <subfield code="a">AAJ4336001</subfield>
        </datafield>
        <datafield tag="999" ind1=" " ind2=" ">
            <subfield code="a">AAK7219001</subfield>
        </datafield>
        <datafield tag="999" ind1=" " ind2=" ">
            <subfield code="a">AAN4610001</subfield>
        </datafield>
    </record>