
    <record>
        <leader>01119nam a2200289Ia 4500</leader>
        <controlfield tag="001">022092565</controlfield>
        <controlfield tag="004">FSACH9279001</controlfield>
        <controlfield tag="005">20120622232300.0</controlfield>
        <controlfield tag="008">850506s1959 fr 000|0 fre d</controlfield>
        <datafield tag="035" ind1=" " ind2=" ">
            <subfield code="a">(OCoLC)11999798</subfield>
        </datafield>
        <datafield tag="040" ind1=" " ind2=" ">
            <subfield code="a">FDA</subfield>
            <subfield code="c">FDA</subfield>
        </datafield>
        <datafield tag="090" ind1=" " ind2=" ">
            <subfield code="a">DC203</subfield>
            <subfield code="b">.T36 1959</subfield>
        </datafield>
        <datafield tag="100" ind1="1" ind2=" ">
            <subfield code="a">Tersen, Émile.</subfield>
        </datafield>
        <datafield tag="245" ind1="1" ind2="0">
            <subfield code="a">Napoléon /</subfield>
            <subfield code="c">Émile Tersen.</subfield>
        </datafield>
        <datafield tag="260" ind1=" " ind2=" ">
            <subfield code="a">Paris :</subfield>
            <subfield code="b">Le Club français du livre,</subfield>
            <subfield code="c">1959.</subfield>
        </datafield>
        <datafield tag="300" ind1=" " ind2=" ">
            <subfield code="a">499, [6] p., [2] leaves of plates (folded) :</subfield>
            <subfield code="b">ill., geneal. table, maps, ports. ;</subfield>
            <subfield code="c">22 cm.</subfield>
        </datafield>
        <datafield tag="490" ind1="0" ind2=" ">
            <subfield code="a">Portraits de l'histoire ;</subfield>
            <subfield code="v">19/20</subfield>
            <subfield code="5">FTaSU</subfield>
        </datafield>
        <datafield tag="500" ind1=" " ind2=" ">
            <subfield code="a">Six maps on folded leaf in pocket.</subfield>
            <subfield code="5">FTaSU</subfield>
        </datafield>
        <datafield tag="504" ind1=" " ind2=" ">
            <subfield code="a">Bibliography: p. 491-[498].</subfield>
        </datafield>
        <datafield tag="590" ind1=" " ind2=" ">
            <subfield code="a">&quot;Cette édition ... comprend ... quinze mille exemplaires
                numérotés de I à 15.000.&quot; Library's copy: No. 14112.</subfield>
            <subfield code="5">FTaSU</subfield>
        </datafield>
        <datafield tag="600" ind1="0" ind2="0">
            <subfield code="a">Napoleon</subfield>
            <subfield code="b">I,</subfield>
            <subfield code="c">Emperor of the French,</subfield>
            <subfield code="d">1769-1821.</subfield>
        </datafield>
        <datafield tag="651" ind1=" " ind2="0">
            <subfield code="a">France</subfield>
            <subfield code="x">Kings and rulers</subfield>
            <subfield code="x">Biography.</subfield>
        </datafield>
        <datafield tag="651" ind1=" " ind2="0">
            <subfield code="a">France</subfield>
            <subfield code="x">History</subfield>
            <subfield code="y">1789-1900.</subfield>
        </datafield>
        <datafield tag="852" ind1="0" ind2=" ">
            <subfield code="a">FTaSU</subfield>
            <subfield code="b">FSULC</subfield>
            <subfield code="c">SUB</subfield>
            <subfield code="h">DC203</subfield>
            <subfield code="i">.T36 1959</subfield>
        </datafield>
        <datafield tag="852" ind1="0" ind2=" ">
            <subfield code="a">FTaSU</subfield>
            <subfield code="b">FSULC</subfield>
            <subfield code="c">SUB</subfield>
            <subfield code="h">DC203</subfield>
            <subfield code="i">.T36 1959</subfield>
        </datafield>
        <datafield tag="951" ind1=" " ind2=" ">
            <subfield code="1">05</subfield>
            <subfield code="a">FSU01:000543306;</subfield>
            <subfield code="5">FTaSU</subfield>
        </datafield>
        <datafield tag="999" ind1=" " ind2=" ">
            <subfield code="a">ACH9279001</subfield>
        </datafield>
    </record>