
    <record>
        <leader>00767nam a2200265K 4500</leader>
        <controlfield tag="001">022126592</controlfield>
        <controlfield tag="004">FSAFV5630001</controlfield>
        <controlfield tag="005">20120622232400.0</controlfield>
        <controlfield tag="008">900424s1959 gw a b 000|0 ger d</controlfield>
        <datafield tag="010" ind1=" " ind2=" ">
            <subfield code="a"> 60037919 </subfield>
        </datafield>
        <datafield tag="035" ind1=" " ind2=" ">
            <subfield code="a">(OCoLC)21420836</subfield>
        </datafield>
        <datafield tag="040" ind1=" " ind2=" ">
            <subfield code="a">DLC</subfield>
            <subfield code="c">FDA</subfield>
        </datafield>
        <datafield tag="050" ind1="0" ind2=" ">
            <subfield code="a">TK7872.T73</subfield>
            <subfield code="b">K3</subfield>
        </datafield>
        <datafield tag="082" ind1=" " ind2="0">
            <subfield code="a">621.38151</subfield>
        </datafield>
        <datafield tag="092" ind1=" " ind2=" ">
            <subfield code="a">621.38151</subfield>
            <subfield code="b">K15t</subfield>
        </datafield>
        <datafield tag="100" ind1="1" ind2=" ">
            <subfield code="a">Kammerloher, Josef.</subfield>
        </datafield>
        <datafield tag="245" ind1="1" ind2="0">
            <subfield code="a">Transistoren;</subfield>
            <subfield code="b">Grundlagen und Niederfrequenzverstärker.</subfield>
        </datafield>
        <datafield tag="260" ind1=" " ind2=" ">
            <subfield code="a">Füssen,</subfield>
            <subfield code="b">C. F. Winter</subfield>
            <subfield code="c">[c1959]</subfield>
        </datafield>
        <datafield tag="300" ind1=" " ind2=" ">
            <subfield code="a">215 p.</subfield>
            <subfield code="b">illus.</subfield>
            <subfield code="c">22 cm.</subfield>
        </datafield>
        <datafield tag="504" ind1=" " ind2=" ">
            <subfield code="a">Includes bibliography.</subfield>
        </datafield>
        <datafield tag="650" ind1=" " ind2="0">
            <subfield code="a">Transistors.</subfield>
        </datafield>
        <datafield tag="852" ind1="1" ind2=" ">
            <subfield code="a">FTaSU</subfield>
            <subfield code="b">FSRS1</subfield>
            <subfield code="c">GEN</subfield>
            <subfield code="h">621.38151</subfield>
            <subfield code="i">K15t</subfield>
        </datafield>
        <datafield tag="852" ind1="1" ind2=" ">
            <subfield code="a">FTaSU</subfield>
            <subfield code="b">FSRS1</subfield>
            <subfield code="c">GEN</subfield>
            <subfield code="h">621.38151</subfield>
            <subfield code="i">K15t</subfield>
        </datafield>
        <datafield tag="951" ind1=" " ind2=" ">
            <subfield code="1">05</subfield>
            <subfield code="a">FSU01:001053664;</subfield>
            <subfield code="5">FTaSU</subfield>
        </datafield>
        <datafield tag="999" ind1=" " ind2=" ">
            <subfield code="a">AFV5630001</subfield>
        </datafield>
    </record>