
    <record>
        <leader>01262nam a2200349I 4500</leader>
        <controlfield tag="001">022208332</controlfield>
        <controlfield tag="004">FSACR9174001</controlfield>
        <controlfield tag="005">20170228153300.0</controlfield>
        <controlfield tag="008">720718s1952 nyu 000|0beng </controlfield>
        <datafield tag="010" ind1=" " ind2=" ">
            <subfield code="a"> 52005547 </subfield>
        </datafield>
        <datafield tag="035" ind1=" " ind2=" ">
            <subfield code="a">(OCoLC)00359383</subfield>
        </datafield>
        <datafield tag="040" ind1=" " ind2=" ">
            <subfield code="c">OUN</subfield>
            <subfield code="d">m.c.</subfield>
            <subfield code="d">FHC</subfield>
        </datafield>
        <datafield tag="041" ind1="1" ind2=" ">
            <subfield code="a">engfre</subfield>
        </datafield>
        <datafield tag="050" ind1=" " ind2=" ">
            <subfield code="a">DC211</subfield>
            <subfield code="b">.B413</subfield>
        </datafield>
        <datafield tag="082" ind1="0" ind2=" ">
            <subfield code="a">923.144</subfield>
        </datafield>
        <datafield tag="090" ind1=" " ind2=" ">
            <subfield code="a">DC211</subfield>
            <subfield code="b">.B413 1952</subfield>
        </datafield>
        <datafield tag="100" ind1="1" ind2=" ">
            <subfield code="a">Bertrand, Henri-Gratien,</subfield>
            <subfield code="c">comte,</subfield>
            <subfield code="d">1773-1844.</subfield>
        </datafield>
        <datafield tag="245" ind1="1" ind2="0">
            <subfield code="a">Napoleon at St. Helena;</subfield>
            <subfield code="b">the journals of General Bertrand from January to May of
                1821,</subfield>
            <subfield code="c">deciphered and annotated by Paul Fleuriot de Langle. Translated from
                the French by Frances Hume.</subfield>
        </datafield>
        <datafield tag="250" ind1=" " ind2=" ">
            <subfield code="a">[1st ed].</subfield>
        </datafield>
        <datafield tag="260" ind1=" " ind2=" ">
            <subfield code="a">Garden City, N.Y.,</subfield>
            <subfield code="b">Doubleday,</subfield>
            <subfield code="c">1952.</subfield>
        </datafield>
        <datafield tag="300" ind1=" " ind2=" ">
            <subfield code="a">318 p.</subfield>
            <subfield code="c">22 cm.</subfield>
        </datafield>
        <datafield tag="500" ind1=" " ind2=" ">
            <subfield code="a">Translation of Cahiers de Sainte-Hélène.</subfield>
            <subfield code="5">FSsNC</subfield>
            <subfield code="5">FTaSU</subfield>
        </datafield>
        <datafield tag="600" ind1="0" ind2="0">
            <subfield code="a">Napoleon</subfield>
            <subfield code="b">I,</subfield>
            <subfield code="c">Emperor of the French,</subfield>
            <subfield code="d">1769-1821</subfield>
        </datafield>
        <datafield tag="700" ind1="1" ind2=" ">
            <subfield code="a">Fleuriot de Langle, Paul,</subfield>
            <subfield code="d">1897-</subfield>
        </datafield>
        <datafield tag="852" ind1="0" ind2=" ">
            <subfield code="a">FTaSU</subfield>
            <subfield code="b">FSUSP</subfield>
            <subfield code="c">NAP</subfield>
            <subfield code="h">DC211</subfield>
            <subfield code="i">.B413 1952</subfield>
        </datafield>
        <datafield tag="852" ind1="0" ind2=" ">
            <subfield code="a">FSsNC</subfield>
            <subfield code="b">NCJBC</subfield>
            <subfield code="c">CIRC</subfield>
            <subfield code="h">DC211</subfield>
            <subfield code="i">.B413</subfield>
        </datafield>
        <datafield tag="852" ind1="0" ind2=" ">
            <subfield code="a">FTaSU</subfield>
            <subfield code="b">FSUSP</subfield>
            <subfield code="c">NAP</subfield>
            <subfield code="h">DC211</subfield>
            <subfield code="i">.B413 1952</subfield>
        </datafield>
        <datafield tag="852" ind1="0" ind2=" ">
            <subfield code="a">FSsNC</subfield>
            <subfield code="b">NCJBC</subfield>
            <subfield code="c">CIRC</subfield>
            <subfield code="h">DC211</subfield>
            <subfield code="i">.B413</subfield>
        </datafield>
        <datafield tag="951" ind1=" " ind2=" ">
            <subfield code="1">05</subfield>
            <subfield code="a">FSU01:000610404;</subfield>
            <subfield code="5">FTaSU</subfield>
        </datafield>
        <datafield tag="951" ind1=" " ind2=" ">
            <subfield code="1">06</subfield>
            <subfield code="a">NCU01:000071613;</subfield>
            <subfield code="5">FSsNC</subfield>
        </datafield>
        <datafield tag="999" ind1=" " ind2=" ">
            <subfield code="a">ACR9174001</subfield>
        </datafield>
        <datafield tag="999" ind1=" " ind2=" ">
            <subfield code="a">ADK9869001</subfield>
        </datafield>
    </record>