
    <record>
        <leader>01320nam a2200313I 4500</leader>
        <controlfield tag="001">022213753</controlfield>
        <controlfield tag="004">FSACJ3035001</controlfield>
        <controlfield tag="005">20060317111138.0</controlfield>
        <controlfield tag="008">851104s1969 fr 000|0 fre </controlfield>
        <datafield tag="010" ind1=" " ind2=" ">
            <subfield code="a"> 78431753 </subfield>
        </datafield>
        <datafield tag="015" ind1=" " ind2=" ">
            <subfield code="a">F***</subfield>
        </datafield>
        <datafield tag="035" ind1=" " ind2=" ">
            <subfield code="a">(OCoLC)12756105</subfield>
        </datafield>
        <datafield tag="040" ind1=" " ind2=" ">
            <subfield code="c">FDA</subfield>
        </datafield>
        <datafield tag="050" ind1="0" ind2=" ">
            <subfield code="a">DC197</subfield>
            <subfield code="b">.R65</subfield>
        </datafield>
        <datafield tag="090" ind1=" " ind2=" ">
            <subfield code="a">DC203.4</subfield>
            <subfield code="b">.R67 **</subfield>
        </datafield>
        <datafield tag="100" ind1="1" ind2=" ">
            <subfield code="a">Rossel, André,</subfield>
            <subfield code="e">comp.</subfield>
        </datafield>
        <datafield tag="245" ind1="1" ind2="0">
            <subfield code="a">Napoléon. :</subfield>
            <subfield code="b">50 documents fac-similés, soit 32 bois et taille-douces, dont 6
                images d'Épinal ou de Metz imprimés en 7 couleurs, 18 placards et 1 jeu de l'oie de
                l'Empire français, /</subfield>
            <subfield code="c">rassemblés par André Rossel. Maquette de François Doat.</subfield>
        </datafield>
        <datafield tag="260" ind1=" " ind2=" ">
            <subfield code="a">Paris, :</subfield>
            <subfield code="b">Éditions Les Yeux ouverts,</subfield>
            <subfield code="c">1969.</subfield>
        </datafield>
        <datafield tag="300" ind1=" " ind2=" ">
            <subfield code="a">[12] p. :</subfield>
            <subfield code="b">50 plates (part col.) ;</subfield>
            <subfield code="c">50 cm.</subfield>
        </datafield>
        <datafield tag="490" ind1="0" ind2=" ">
            <subfield code="a">L'Histoire par l'image et l'affiche</subfield>
            <subfield code="5">FTaSU</subfield>
        </datafield>
        <datafield tag="500" ind1=" " ind2=" ">
            <subfield code="a">&quot;Choix des documents réalisé en collaboration avec Lisa
                Ponomarenko.&quot;</subfield>
            <subfield code="5">FTaSU</subfield>
        </datafield>
        <datafield tag="500" ind1=" " ind2=" ">
            <subfield code="a">&quot;Jeu géographique de l'Empire français&quot;: 32 p.
                inserted.</subfield>
            <subfield code="5">FTaSU</subfield>
        </datafield>
        <datafield tag="500" ind1=" " ind2=" ">
            <subfield code="a">Issued in portfolio.</subfield>
            <subfield code="5">FTaSU</subfield>
        </datafield>
        <datafield tag="651" ind1=" " ind2="0">
            <subfield code="a">France</subfield>
            <subfield code="x">History</subfield>
            <subfield code="y">Consulate and First Empire, 1799-1815</subfield>
            <subfield code="v">Sources.</subfield>
        </datafield>
        <datafield tag="700" ind1="1" ind2=" ">
            <subfield code="a">Ponomarenko, Lisa,</subfield>
            <subfield code="e">joint comp.</subfield>
        </datafield>
        <datafield tag="852" ind1="0" ind2=" ">
            <subfield code="a">FTaSU</subfield>
            <subfield code="b">FSUSP</subfield>
            <subfield code="c">NAPO</subfield>
            <subfield code="h">DC203.4</subfield>
            <subfield code="i">.R67</subfield>
        </datafield>
        <datafield tag="852" ind1="0" ind2=" ">
            <subfield code="a">FTaSU</subfield>
            <subfield code="b">FSUSP</subfield>
            <subfield code="c">NAPO</subfield>
            <subfield code="h">DC203.4</subfield>
            <subfield code="i">.R67</subfield>
        </datafield>
        <datafield tag="951" ind1=" " ind2=" ">
            <subfield code="1">05</subfield>
            <subfield code="a">FSU01:000546972;</subfield>
            <subfield code="5">FTaSU</subfield>
        </datafield>
        <datafield tag="999" ind1=" " ind2=" ">
            <subfield code="a">ACJ3035001</subfield>
        </datafield>
    </record>