
    <record>
        <leader>03192cam a22006131i 4500</leader>
        <controlfield tag="001">022284797</controlfield>
        <controlfield tag="004">SAADL4842001</controlfield>
        <controlfield tag="005">20160204153938.0</controlfield>
        <controlfield tag="008">740130s1958 nyuag b 001 0 eng </controlfield>
        <datafield tag="010" ind1=" " ind2=" ">
            <subfield code="a">a 58005795</subfield>
        </datafield>
        <datafield tag="035" ind1=" " ind2=" ">
            <subfield code="a">(OCoLC)00785395</subfield>
        </datafield>
        <datafield tag="040" ind1=" " ind2=" ">
            <subfield code="a">DLC</subfield>
            <subfield code="b">eng</subfield>
            <subfield code="e">rda</subfield>
            <subfield code="c">KSU</subfield>
            <subfield code="d">DLC</subfield>
            <subfield code="d">BTCTA</subfield>
            <subfield code="d">OCLCG</subfield>
            <subfield code="d">FPB</subfield>
            <subfield code="d">OCLCQ</subfield>
            <subfield code="d">OCLCF</subfield>
            <subfield code="d">FDA</subfield>
        </datafield>
        <datafield tag="041" ind1="1" ind2=" ">
            <subfield code="a">eng</subfield>
            <subfield code="h">fre</subfield>
        </datafield>
        <datafield tag="049" ind1=" " ind2=" ">
            <subfield code="a">FDAA</subfield>
        </datafield>
        <datafield tag="050" ind1="0" ind2="0">
            <subfield code="a">DC203</subfield>
            <subfield code="b">.S2983</subfield>
        </datafield>
        <datafield tag="082" ind1=" " ind2="4">
            <subfield code="a">944.0092</subfield>
            <subfield code="b">N216s</subfield>
        </datafield>
        <datafield tag="100" ind1="1" ind2=" ">
            <subfield code="a">Savant, Jean,</subfield>
            <subfield code="e">author.</subfield>
        </datafield>
        <datafield tag="240" ind1="1" ind2="0">
            <subfield code="a">Napoléon, raconté par les témoins de sa vie.</subfield>
            <subfield code="l">English</subfield>
        </datafield>
        <datafield tag="245" ind1="1" ind2="0">
            <subfield code="a">Napoleon in his time /</subfield>
            <subfield code="c">by Jean Savant ; translated from the French by Katherine
                John.</subfield>
        </datafield>
        <datafield tag="264" ind1=" " ind2="1">
            <subfield code="a">New York :</subfield>
            <subfield code="b">Thomas Nelson &amp; Sons,</subfield>
            <subfield code="c">[1958]</subfield>
        </datafield>
        <datafield tag="264" ind1=" " ind2="3">
            <subfield code="a">Bungay, Suffolk :</subfield>
            <subfield code="b">Richard Clay and Company, Ltd.,</subfield>
            <subfield code="c">[1958]</subfield>
        </datafield>
        <datafield tag="264" ind1=" " ind2="4">
            <subfield code="c">©1958</subfield>
        </datafield>
        <datafield tag="300" ind1=" " ind2=" ">
            <subfield code="a">440 pages, 8 unnumbered pages of plates :</subfield>
            <subfield code="b">illustrations ;</subfield>
            <subfield code="c">22 cm</subfield>
        </datafield>
        <datafield tag="336" ind1=" " ind2=" ">
            <subfield code="a">text</subfield>
            <subfield code="b">txt</subfield>
            <subfield code="2">rdacontent</subfield>
        </datafield>
        <datafield tag="337" ind1=" " ind2=" ">
            <subfield code="a">unmediated</subfield>
            <subfield code="b">n</subfield>
            <subfield code="2">rdamedia</subfield>
        </datafield>
        <datafield tag="338" ind1=" " ind2=" ">
            <subfield code="a">volume</subfield>
            <subfield code="b">nc</subfield>
            <subfield code="2">rdacarrier</subfield>
        </datafield>
        <datafield tag="500" ind1=" " ind2=" ">
            <subfield code="a">Translation of Napoléon, raconté par les témoins de sa
                vie.</subfield>
        </datafield>
        <datafield tag="500" ind1=" " ind2=" ">
            <subfield code="a">Includes half title page.</subfield>
        </datafield>
        <datafield tag="504" ind1=" " ind2=" ">
            <subfield code="a">Includes bibliographical references (pages 421-424) and
                index.</subfield>
        </datafield>
        <datafield tag="505" ind1="0" ind2=" ">
            <subfield code="a">From Ajaccio to Castiglione -- From Castiglione to Marengo -- From
                Marengo to Austerlitz -- From Austerlitz to Wagram -- From Wagram to Moscow -- From
                Moscow to Fontainebleau -- From Fontainebleau to Waterloo -- From Waterloo to The
                End.</subfield>
        </datafield>
        <datafield tag="520" ind1=" " ind2=" ">
            <subfield code="a">&quot;One of the world's leading authorities on Napoleon, Jean
                Savant, has compiled an unusual collection of more than one hundred impressions,
                notes and comments on the self-styled emperor by those who knew him. They have been
                arranged chronologically to give the living portrait of a man in the perspective of
                his own time&quot;--</subfield>
            <subfield code="c">Book jacket.</subfield>
        </datafield>
        <datafield tag="600" ind1="0" ind2="0">
            <subfield code="a">Napoleon</subfield>
            <subfield code="b">I,</subfield>
            <subfield code="c">Emperor of the French,</subfield>
            <subfield code="d">1769-1821.</subfield>
        </datafield>
        <datafield tag="600" ind1="0" ind2="7">
            <subfield code="a">Napoleon</subfield>
            <subfield code="b">I,</subfield>
            <subfield code="c">Emperor of the French,</subfield>
            <subfield code="d">1769-1821.</subfield>
            <subfield code="2">fast</subfield>
            <subfield code="0">(OCoLC)fst00035482</subfield>
        </datafield>
        <datafield tag="710" ind1="2" ind2=" ">
            <subfield code="a">Thomas Nelson &amp; Sons,</subfield>
            <subfield code="e">publisher.</subfield>
        </datafield>
        <datafield tag="710" ind1="2" ind2=" ">
            <subfield code="a">Richard Clay &amp; Co.,</subfield>
            <subfield code="e">printer.</subfield>
        </datafield>
        <datafield tag="751" ind1=" " ind2=" ">
            <subfield code="a">New York (N.Y.)</subfield>
            <subfield code="0">(DLC)n 79007751</subfield>
            <subfield code="2">naf</subfield>
            <subfield code="4">pbl</subfield>
        </datafield>
        <datafield tag="751" ind1=" " ind2=" ">
            <subfield code="a">Bungay (England)</subfield>
            <subfield code="0">(DLC)nr 88004930</subfield>
            <subfield code="2">naf</subfield>
            <subfield code="4">prt</subfield>
        </datafield>
        <datafield tag="752" ind1=" " ind2=" ">
            <subfield code="a">United States</subfield>
            <subfield code="b">New York (State)</subfield>
            <subfield code="d">New York (N.Y.)</subfield>
            <subfield code="2">naf</subfield>
        </datafield>
        <datafield tag="752" ind1=" " ind2=" ">
            <subfield code="a">England</subfield>
            <subfield code="b">Suffolk</subfield>
            <subfield code="d">Bungay</subfield>
            <subfield code="2">naf</subfield>
        </datafield>
        <datafield tag="775" ind1="0" ind2="8">
            <subfield code="i">Translation of:</subfield>
            <subfield code="a">Savant, Jean.</subfield>
            <subfield code="t">Napoléon raconté par les témoins de sa vie.</subfield>
            <subfield code="d">[Paris] Corrêa [1954]</subfield>
            <subfield code="w">(DLC)a 56001070</subfield>
            <subfield code="w">(OCoLC)2363524</subfield>
        </datafield>
        <datafield tag="776" ind1="0" ind2="8">
            <subfield code="i">Online version:</subfield>
            <subfield code="a">Savant, Jean.</subfield>
            <subfield code="s">Napoléon, raconté par les témoins de sa vie. English.</subfield>
            <subfield code="t">Napoleon in his time.</subfield>
            <subfield code="d">New York, Nelson [1958]</subfield>
            <subfield code="w">(OCoLC)693088082</subfield>
        </datafield>
        <datafield tag="852" ind1="0" ind2=" ">
            <subfield code="a">FSsNC</subfield>
            <subfield code="b">NCJBC</subfield>
            <subfield code="c">CIRC</subfield>
            <subfield code="h">DC203.2</subfield>
            <subfield code="i">.S264</subfield>
        </datafield>
        <datafield tag="852" ind1="0" ind2=" ">
            <subfield code="a">FTaSU</subfield>
            <subfield code="b">FSUSP</subfield>
            <subfield code="c">NAP</subfield>
            <subfield code="h">DC203.2</subfield>
            <subfield code="i">.S28 1958</subfield>
        </datafield>
        <datafield tag="852" ind1="0" ind2=" ">
            <subfield code="a">FPeU</subfield>
            <subfield code="b">WFPAC</subfield>
            <subfield code="c">PGEN</subfield>
            <subfield code="h">DC203</subfield>
            <subfield code="i">.S26 1958</subfield>
        </datafield>
        <datafield tag="852" ind1="0" ind2=" ">
            <subfield code="a">FSsNC</subfield>
            <subfield code="b">NCJBC</subfield>
            <subfield code="c">CIRC</subfield>
            <subfield code="h">DC203.2</subfield>
            <subfield code="i">.S264</subfield>
        </datafield>
        <datafield tag="852" ind1="0" ind2=" ">
            <subfield code="a">FTaSU</subfield>
            <subfield code="b">FSUSP</subfield>
            <subfield code="c">NAP</subfield>
            <subfield code="h">DC203.2</subfield>
            <subfield code="i">.S28 1958</subfield>
        </datafield>
        <datafield tag="852" ind1="0" ind2=" ">
            <subfield code="a">FTaSU</subfield>
            <subfield code="b">FSUSP</subfield>
            <subfield code="c">NAP</subfield>
            <subfield code="h">DC203.2</subfield>
            <subfield code="i">.S28 1958</subfield>
            <subfield code="x">WITHDRAWN</subfield>
        </datafield>
        <datafield tag="852" ind1="0" ind2=" ">
            <subfield code="a">FPeU</subfield>
            <subfield code="b">WFPAC</subfield>
            <subfield code="c">PGEN</subfield>
            <subfield code="h">DC203</subfield>
            <subfield code="i">.S26 1958</subfield>
        </datafield>
        <datafield tag="951" ind1=" " ind2=" ">
            <subfield code="1">05</subfield>
            <subfield code="a">FSU01:000642096;</subfield>
            <subfield code="5">FTaSU</subfield>
        </datafield>
        <datafield tag="951" ind1=" " ind2=" ">
            <subfield code="1">06</subfield>
            <subfield code="a">NCU01:000075770;</subfield>
            <subfield code="5">FSsNC</subfield>
        </datafield>
        <datafield tag="951" ind1=" " ind2=" ">
            <subfield code="1">11</subfield>
            <subfield code="a">WFU01:000095449;</subfield>
            <subfield code="5">FPeU</subfield>
        </datafield>
        <datafield tag="999" ind1=" " ind2=" ">
            <subfield code="a">ADL4842001</subfield>
        </datafield>
        <datafield tag="999" ind1=" " ind2=" ">
            <subfield code="a">ACV2705001</subfield>
        </datafield>
        <datafield tag="999" ind1=" " ind2=" ">
            <subfield code="a">AAK8114001</subfield>
        </datafield>
    </record>