
    <record>
        <leader>01023nam a2200277Ii 4500</leader>
        <controlfield tag="001">022309050</controlfield>
        <controlfield tag="004">FSAJN4481001</controlfield>
        <controlfield tag="005">20100310154116.0</controlfield>
        <controlfield tag="008">781006s1976 xx 000|0 eng d</controlfield>
        <datafield tag="019" ind1=" " ind2=" ">
            <subfield code="a">5268014</subfield>
        </datafield>
        <datafield tag="035" ind1=" " ind2=" ">
            <subfield code="a">(OCoLC)04271538</subfield>
        </datafield>
        <datafield tag="040" ind1=" " ind2=" ">
            <subfield code="a">MHR</subfield>
            <subfield code="c">MHR</subfield>
            <subfield code="d">OKT</subfield>
        </datafield>
        <datafield tag="090" ind1=" " ind2=" ">
            <subfield code="a">DC232</subfield>
            <subfield code="b">.S64 1976</subfield>
        </datafield>
        <datafield tag="092" ind1=" " ind2=" ">
            <subfield code="a">940.27092</subfield>
            <subfield code="b">S684, 1976</subfield>
        </datafield>
        <datafield tag="245" ind1="0" ind2="2">
            <subfield code="a">A soldier of the Seventy-First :</subfield>
            <subfield code="b">the journal of a soldier of the Highland Light Infantry, 1806-1815
                /</subfield>
            <subfield code="c">edited with introd. and notes by Christopher Hibbert.</subfield>
        </datafield>
        <datafield tag="260" ind1=" " ind2=" ">
            <subfield code="a">Warren, Mi. :</subfield>
            <subfield code="b">Squadron/Signal Publications,</subfield>
            <subfield code="c">1976.</subfield>
        </datafield>
        <datafield tag="300" ind1=" " ind2=" ">
            <subfield code="a">xv, 121 p. ;</subfield>
            <subfield code="c">21 cm.</subfield>
        </datafield>
        <datafield tag="500" ind1=" " ind2=" ">
            <subfield code="a">Attributed to Thomas Howell.</subfield>
            <subfield code="5">FTaSU</subfield>
        </datafield>
        <datafield tag="504" ind1=" " ind2=" ">
            <subfield code="a">Includes bibliographical references.</subfield>
        </datafield>
        <datafield tag="650" ind1=" " ind2="0">
            <subfield code="a">Peninsular War, 1807-1814</subfield>
            <subfield code="x">Personal narratives</subfield>
        </datafield>
        <datafield tag="700" ind1="1" ind2=" ">
            <subfield code="a">Howell, Thomas,</subfield>
            <subfield code="d">1790-</subfield>
        </datafield>
        <datafield tag="700" ind1="1" ind2=" ">
            <subfield code="a">Hibbert, Christopher,</subfield>
            <subfield code="d">1924-2008.</subfield>
        </datafield>
        <datafield tag="852" ind1="0" ind2=" ">
            <subfield code="a">FTaSU</subfield>
            <subfield code="b">FSULC</subfield>
            <subfield code="c">SUB</subfield>
            <subfield code="h">DC232</subfield>
            <subfield code="i">.S64 1976</subfield>
        </datafield>
        <datafield tag="852" ind1="0" ind2=" ">
            <subfield code="a">FTaSU</subfield>
            <subfield code="b">FSULC</subfield>
            <subfield code="c">SUB</subfield>
            <subfield code="h">DC232</subfield>
            <subfield code="i">.S64 1976</subfield>
        </datafield>
        <datafield tag="951" ind1=" " ind2=" ">
            <subfield code="1">05</subfield>
            <subfield code="a">FSU01:001562256;</subfield>
            <subfield code="5">FTaSU</subfield>
        </datafield>
        <datafield tag="999" ind1=" " ind2=" ">
            <subfield code="a">AJN4481001</subfield>
        </datafield>
    </record>