
    <record>
        <leader>02111cam a2200553 4500</leader>
        <controlfield tag="001">022396765</controlfield>
        <controlfield tag="004">CFAEL2410001</controlfield>
        <controlfield tag="005">20100701113450.0</controlfield>
        <controlfield tag="008">680301s1968 nyubc b 000 0beng </controlfield>
        <datafield tag="010" ind1=" " ind2=" ">
            <subfield code="a">68011854</subfield>
        </datafield>
        <datafield tag="035" ind1=" " ind2=" ">
            <subfield code="a">(OCoLC)00436902</subfield>
        </datafield>
        <datafield tag="040" ind1=" " ind2=" ">
            <subfield code="a">DLC</subfield>
            <subfield code="c">DLC</subfield>
            <subfield code="d">BTCTA</subfield>
            <subfield code="d">LVB</subfield>
            <subfield code="d">OCLCG</subfield>
            <subfield code="d">FXG</subfield>
        </datafield>
        <datafield tag="050" ind1="0" ind2=" ">
            <subfield code="a">DC216.5</subfield>
            <subfield code="b">.C6</subfield>
        </datafield>
        <datafield tag="050" ind1="0" ind2="0">
            <subfield code="a">DC216.5</subfield>
            <subfield code="b">.C6 1968</subfield>
        </datafield>
        <datafield tag="082" ind1="0" ind2=" ">
            <subfield code="a">946/.06/0924</subfield>
        </datafield>
        <datafield tag="090" ind1=" " ind2=" ">
            <subfield code="a">DC216.5</subfield>
            <subfield code="b">.C6</subfield>
        </datafield>
        <datafield tag="100" ind1="1" ind2=" ">
            <subfield code="a">Connelly, Owen,</subfield>
            <subfield code="d">1924-2011.</subfield>
        </datafield>
        <datafield tag="245" ind1="1" ind2="4">
            <subfield code="a">The gentle Bonaparte;</subfield>
            <subfield code="b">a biography of Joseph, Napoleon's elder brother.</subfield>
        </datafield>
        <datafield tag="260" ind1=" " ind2=" ">
            <subfield code="a">New York,</subfield>
            <subfield code="b">Macmillan</subfield>
            <subfield code="c">[1968]</subfield>
        </datafield>
        <datafield tag="300" ind1=" " ind2=" ">
            <subfield code="a">xiv, 335 p.</subfield>
            <subfield code="b">maps, ports.</subfield>
            <subfield code="c">22 cm.</subfield>
        </datafield>
        <datafield tag="504" ind1=" " ind2=" ">
            <subfield code="a">Bibliography: p. [301]-322.</subfield>
        </datafield>
        <datafield tag="600" ind1="0" ind2="0">
            <subfield code="a">Joseph Bonaparte,</subfield>
            <subfield code="c">King of Spain,</subfield>
            <subfield code="d">1768-1844.</subfield>
        </datafield>
        <datafield tag="600" ind1="0" ind2="0">
            <subfield code="a">Napoleon</subfield>
            <subfield code="b">I,</subfield>
            <subfield code="c">Emperor of the French,</subfield>
            <subfield code="d">1769-1821</subfield>
            <subfield code="x">Family.</subfield>
        </datafield>
        <datafield tag="600" ind1="0" ind2="6">
            <subfield code="a">Joseph Bonaparte,</subfield>
            <subfield code="c">roi d'Espagne,</subfield>
            <subfield code="d">1768-1844.</subfield>
        </datafield>
        <datafield tag="776" ind1="0" ind2="8">
            <subfield code="i">Online version:</subfield>
            <subfield code="a">Connelly, Owen, 1929-</subfield>
            <subfield code="t">Gentle Bonaparte.</subfield>
            <subfield code="d">New York, Macmillan [1968]</subfield>
            <subfield code="w">(OCoLC)566232636</subfield>
        </datafield>
        <datafield tag="852" ind1="0" ind2=" ">
            <subfield code="a">FOFT</subfield>
            <subfield code="b">CFMGC</subfield>
            <subfield code="c">GC</subfield>
            <subfield code="h">DC216.5</subfield>
            <subfield code="i">.C6 1968</subfield>
        </datafield>
        <datafield tag="852" ind1="0" ind2=" ">
            <subfield code="a">FTS</subfield>
            <subfield code="b">SFTMP</subfield>
            <subfield code="c">GEN</subfield>
            <subfield code="h">DC216.5</subfield>
            <subfield code="i">.C6</subfield>
        </datafield>
        <datafield tag="852" ind1="0" ind2=" ">
            <subfield code="a">FTaSU</subfield>
            <subfield code="b">FSULC</subfield>
            <subfield code="c">SUB</subfield>
            <subfield code="h">DC216.5</subfield>
            <subfield code="i">.C6</subfield>
        </datafield>
        <datafield tag="852" ind1="0" ind2=" ">
            <subfield code="a">FU</subfield>
            <subfield code="b">UFSWE</subfield>
            <subfield code="c">GEN</subfield>
            <subfield code="h">DC216.5</subfield>
            <subfield code="i">.C6 1968</subfield>
        </datafield>
        <datafield tag="852" ind1="0" ind2=" ">
            <subfield code="a">FSsNC</subfield>
            <subfield code="b">NCJBC</subfield>
            <subfield code="c">CIRC</subfield>
            <subfield code="h">DC216.5</subfield>
            <subfield code="i">.C6</subfield>
        </datafield>
        <datafield tag="852" ind1="0" ind2=" ">
            <subfield code="a">FMFIU</subfield>
            <subfield code="b">FIUGL</subfield>
            <subfield code="c">GEN</subfield>
            <subfield code="h">DC216.5</subfield>
            <subfield code="i">.C6</subfield>
            <subfield code="x">APP FY10</subfield>
            <subfield code="x">GIFT</subfield>
        </datafield>
        <datafield tag="852" ind1="0" ind2=" ">
            <subfield code="a">FOFT</subfield>
            <subfield code="b">CFMGC</subfield>
            <subfield code="c">GC</subfield>
            <subfield code="h">DC216.5</subfield>
            <subfield code="i">.C6 1968</subfield>
        </datafield>
        <datafield tag="852" ind1="0" ind2=" ">
            <subfield code="a">FTS</subfield>
            <subfield code="b">SFTMP</subfield>
            <subfield code="c">GEN</subfield>
            <subfield code="h">DC216.5</subfield>
            <subfield code="i">.C6</subfield>
        </datafield>
        <datafield tag="852" ind1="0" ind2=" ">
            <subfield code="a">FTaSU</subfield>
            <subfield code="b">FSULC</subfield>
            <subfield code="c">SUB</subfield>
            <subfield code="h">DC216.5</subfield>
            <subfield code="i">.C6</subfield>
        </datafield>
        <datafield tag="852" ind1=" " ind2=" ">
            <subfield code="a">FU</subfield>
            <subfield code="b">UFSTO</subfield>
            <subfield code="c">GEN</subfield>
            <subfield code="h">946.06</subfield>
            <subfield code="i">C752g</subfield>
            <subfield code="x">wd 11-03 ts per S.Arlen</subfield>
            <subfield code="z">See Circulation Desk, Library West for retrieval or
                access.</subfield>
        </datafield>
        <datafield tag="852" ind1="0" ind2=" ">
            <subfield code="a">FU</subfield>
            <subfield code="b">UFSWE</subfield>
            <subfield code="c">GEN</subfield>
            <subfield code="h">DC216.5</subfield>
            <subfield code="i">.C6 1968</subfield>
        </datafield>
        <datafield tag="852" ind1="0" ind2=" ">
            <subfield code="a">FSsNC</subfield>
            <subfield code="b">NCJBC</subfield>
            <subfield code="c">CIRC</subfield>
            <subfield code="h">DC216.5</subfield>
            <subfield code="i">.C6</subfield>
        </datafield>
        <datafield tag="852" ind1="0" ind2=" ">
            <subfield code="a">FMFIU</subfield>
            <subfield code="b">FIUGL</subfield>
            <subfield code="c">GEN</subfield>
            <subfield code="h">DC216.5</subfield>
            <subfield code="i">.C6</subfield>
            <subfield code="x">APP FY10</subfield>
            <subfield code="x">GIFT</subfield>
        </datafield>
        <datafield tag="951" ind1=" " ind2=" ">
            <subfield code="1">07</subfield>
            <subfield code="a">CFU01:000819309;</subfield>
            <subfield code="5">FOFT</subfield>
        </datafield>
        <datafield tag="951" ind1=" " ind2=" ">
            <subfield code="1">04</subfield>
            <subfield code="a">FIU01:001495694;</subfield>
            <subfield code="5">FMFIU</subfield>
        </datafield>
        <datafield tag="951" ind1=" " ind2=" ">
            <subfield code="1">05</subfield>
            <subfield code="a">FSU01:000096514;</subfield>
            <subfield code="5">FTaSU</subfield>
        </datafield>
        <datafield tag="951" ind1=" " ind2=" ">
            <subfield code="1">06</subfield>
            <subfield code="a">NCU01:000124523;</subfield>
            <subfield code="5">FSsNC</subfield>
        </datafield>
        <datafield tag="951" ind1=" " ind2=" ">
            <subfield code="1">10</subfield>
            <subfield code="a">SFU01:000107790;</subfield>
            <subfield code="5">FTS</subfield>
        </datafield>
        <datafield tag="951" ind1=" " ind2=" ">
            <subfield code="1">08</subfield>
            <subfield code="a">UFU01:000807971;</subfield>
            <subfield code="5">FU</subfield>
        </datafield>
        <datafield tag="999" ind1=" " ind2=" ">
            <subfield code="a">AEL2410001</subfield>
        </datafield>
        <datafield tag="999" ind1=" " ind2=" ">
            <subfield code="a">AAN8794001</subfield>
        </datafield>
        <datafield tag="999" ind1=" " ind2=" ">
            <subfield code="a">AAK9220001</subfield>
        </datafield>
        <datafield tag="999" ind1=" " ind2=" ">
            <subfield code="a">AEA2577002</subfield>
        </datafield>
        <datafield tag="999" ind1=" " ind2=" ">
            <subfield code="a">AFU7537001</subfield>
        </datafield>
    </record>