
    <record>
        <leader>01959nam a2200469I 4500</leader>
        <controlfield tag="001">022476844</controlfield>
        <controlfield tag="004">FSABC1344001</controlfield>
        <controlfield tag="005">20071005094335.0</controlfield>
        <controlfield tag="008">870814s1895 fr ac 000|0beng d</controlfield>
        <datafield tag="010" ind1=" " ind2=" ">
            <subfield code="a"> 35036657 </subfield>
        </datafield>
        <datafield tag="019" ind1=" " ind2=" ">
            <subfield code="a">1919218</subfield>
        </datafield>
        <datafield tag="035" ind1=" " ind2=" ">
            <subfield code="a">(OCoLC)16472770</subfield>
        </datafield>
        <datafield tag="040" ind1=" " ind2=" ">
            <subfield code="a">DLC</subfield>
            <subfield code="c">CSU</subfield>
            <subfield code="d">FDA</subfield>
        </datafield>
        <datafield tag="050" ind1="0" ind2=" ">
            <subfield code="a">DC203</subfield>
            <subfield code="b">.B775 1895</subfield>
        </datafield>
        <datafield tag="082" ind1="0" ind2=" ">
            <subfield code="a">932.144</subfield>
        </datafield>
        <datafield tag="092" ind1=" " ind2=" ">
            <subfield code="a">B</subfield>
            <subfield code="b">N16bon</subfield>
        </datafield>
        <datafield tag="100" ind1="1" ind2=" ">
            <subfield code="a">Bourrienne, Louis Antoine Fauvelet de,</subfield>
            <subfield code="d">1769-1834.</subfield>
        </datafield>
        <datafield tag="245" ind1="1" ind2="0">
            <subfield code="a">Memoirs of Napoleon Bonaparte,</subfield>
            <subfield code="c">by Louis Antoine Fauvelet de Bourrienne.</subfield>
        </datafield>
        <datafield tag="250" ind1=" " ind2=" ">
            <subfield code="a">Ed. de grand luxe</subfield>
        </datafield>
        <datafield tag="260" ind1=" " ind2=" ">
            <subfield code="a">Paris and Boston,</subfield>
            <subfield code="b">The Napoleon Society,</subfield>
            <subfield code="c">1895.</subfield>
        </datafield>
        <datafield tag="300" ind1=" " ind2=" ">
            <subfield code="a">4 v.</subfield>
            <subfield code="b">fronts., ports., fold. tables.</subfield>
            <subfield code="c">23 cm.</subfield>
        </datafield>
        <datafield tag="440" ind1=" " ind2="0">
            <subfield code="a">Napoleon ;</subfield>
            <subfield code="v">v. 7-10</subfield>
            <subfield code="5">FFmFGC</subfield>
        </datafield>
        <datafield tag="490" ind1="0" ind2=" ">
            <subfield code="a">Napoleon, vol. VII-X</subfield>
            <subfield code="5">FTaSU</subfield>
        </datafield>
        <datafield tag="500" ind1=" " ind2=" ">
            <subfield code="a">&quot;Preface by the editor of the 1885 edition&quot; signed:
                R.W.P.</subfield>
            <subfield code="5">FFmFGC</subfield>
            <subfield code="5">FTaSU</subfield>
        </datafield>
        <datafield tag="500" ind1=" " ind2=" ">
            <subfield code="a">&quot;Limited to five hundred copies.&quot;</subfield>
            <subfield code="5">FFmFGC</subfield>
        </datafield>
        <datafield tag="500" ind1=" " ind2=" ">
            <subfield code="a">&quot;Edition de grand luxe. Limited to five hundred copies.
                No.423.&quot;</subfield>
            <subfield code="5">FTaSU</subfield>
        </datafield>
        <datafield tag="600" ind1="0" ind2="0">
            <subfield code="a">Napoleon</subfield>
            <subfield code="b">I,</subfield>
            <subfield code="c">Emperor of the French,</subfield>
            <subfield code="d">1769-1821.</subfield>
        </datafield>
        <datafield tag="700" ind1="1" ind2=" ">
            <subfield code="a">Phipps, Ramsay Weston,</subfield>
            <subfield code="d">1838-1923.</subfield>
        </datafield>
        <datafield tag="700" ind1="1" ind2=" ">
            <subfield code="a">Phipps, Ramsay Weston,</subfield>
            <subfield code="d">1838-1923,</subfield>
            <subfield code="e">ed.</subfield>
        </datafield>
        <datafield tag="852" ind1="0" ind2=" ">
            <subfield code="a">FTaSU</subfield>
            <subfield code="b">FSUSP</subfield>
            <subfield code="c">NAP</subfield>
            <subfield code="h">DC203</subfield>
            <subfield code="i">.B775 1895</subfield>
        </datafield>
        <datafield tag="866" ind1="3" ind2="1">
            <subfield code="b">FSU STROZIER, Special Coll</subfield>
            <subfield code="c">Napoleon</subfield>
            <subfield code="h">DC203</subfield>
            <subfield code="i">.B775 1895</subfield>
            <subfield code="a">v. 1-v. 4</subfield>
        </datafield>
        <datafield tag="852" ind1="0" ind2=" ">
            <subfield code="a">ffmfgc</subfield>
            <subfield code="b">GCUMN</subfield>
            <subfield code="c">MAIN</subfield>
            <subfield code="h">DC203</subfield>
            <subfield code="i">.B775 1895</subfield>
        </datafield>
        <datafield tag="866" ind1="3" ind2="1">
            <subfield code="b">FGCU Library</subfield>
            <subfield code="c">General Collection--Library East</subfield>
            <subfield code="h">DC203</subfield>
            <subfield code="i">.B775 1895</subfield>
            <subfield code="a">v. 1</subfield>
        </datafield>
        <datafield tag="866" ind1="3" ind2="1">
            <subfield code="b">FGCU Library</subfield>
            <subfield code="c">General Collection--Library East</subfield>
            <subfield code="h">DC203</subfield>
            <subfield code="i">.B775 1895</subfield>
            <subfield code="a">v. 2</subfield>
        </datafield>
        <datafield tag="866" ind1="3" ind2="1">
            <subfield code="b">FGCU Library</subfield>
            <subfield code="c">General Collection--Library East</subfield>
            <subfield code="h">DC203</subfield>
            <subfield code="i">.B775 1895</subfield>
            <subfield code="a">v. 3</subfield>
        </datafield>
        <datafield tag="866" ind1="3" ind2="1">
            <subfield code="b">FGCU Library</subfield>
            <subfield code="c">General Collection--Library East</subfield>
            <subfield code="h">DC203</subfield>
            <subfield code="i">.B775 1895</subfield>
            <subfield code="a">v. 4</subfield>
        </datafield>
        <datafield tag="852" ind1="0" ind2=" ">
            <subfield code="a">FTaSU</subfield>
            <subfield code="b">FSUSP</subfield>
            <subfield code="c">NAP</subfield>
            <subfield code="h">DC203</subfield>
            <subfield code="i">.B775 1895</subfield>
        </datafield>
        <datafield tag="852" ind1="0" ind2=" ">
            <subfield code="a">ffmfgc</subfield>
            <subfield code="b">GCUMN</subfield>
            <subfield code="c">MAIN</subfield>
            <subfield code="h">DC203</subfield>
            <subfield code="i">.B775 1895</subfield>
        </datafield>
        <datafield tag="951" ind1=" " ind2=" ">
            <subfield code="1">05</subfield>
            <subfield code="a">FSU01:000254123;</subfield>
            <subfield code="5">FTaSU</subfield>
        </datafield>
        <datafield tag="951" ind1=" " ind2=" ">
            <subfield code="1">03</subfield>
            <subfield code="a">GCU01:000068023;</subfield>
            <subfield code="5">FFmFGC</subfield>
        </datafield>
        <datafield tag="999" ind1=" " ind2=" ">
            <subfield code="a">ABC1344001</subfield>
        </datafield>
        <datafield tag="999" ind1=" " ind2=" ">
            <subfield code="a">AAH1312001</subfield>
        </datafield>
    </record>