
    <record>
        <leader>01052nam a22003251 4500</leader>
        <controlfield tag="001">022529533</controlfield>
        <controlfield tag="004">FSAAL4472001</controlfield>
        <controlfield tag="005">20120623000800.0</controlfield>
        <controlfield tag="008">710408s1967 enkacfg 000|0 eng </controlfield>
        <datafield tag="010" ind1=" " ind2=" ">
            <subfield code="a"> 68084094 </subfield>
        </datafield>
        <datafield tag="015" ind1=" " ind2=" ">
            <subfield code="a">B67-23476</subfield>
        </datafield>
        <datafield tag="035" ind1=" " ind2=" ">
            <subfield code="a">(OCoLC)00458850</subfield>
        </datafield>
        <datafield tag="040" ind1=" " ind2=" ">
            <subfield code="a">DLC</subfield>
            <subfield code="c">DLC</subfield>
            <subfield code="d">m.c.</subfield>
            <subfield code="d">FDA</subfield>
        </datafield>
        <datafield tag="050" ind1="0" ind2=" ">
            <subfield code="a">UA652.K6</subfield>
            <subfield code="b">W65</subfield>
        </datafield>
        <datafield tag="082" ind1="0" ind2=" ">
            <subfield code="a">356/.11/0942</subfield>
        </datafield>
        <datafield tag="100" ind1="1" ind2=" ">
            <subfield code="a">Wood, Herbert Fairlie.</subfield>
        </datafield>
        <datafield tag="245" ind1="1" ind2="4">
            <subfield code="a">The King's Royal Rifle Corps</subfield>
            <subfield code="b">(the 60th Regiment of Foot).</subfield>
        </datafield>
        <datafield tag="260" ind1=" " ind2=" ">
            <subfield code="a">London,</subfield>
            <subfield code="b">H. Hamilton,</subfield>
            <subfield code="c">1967.</subfield>
        </datafield>
        <datafield tag="300" ind1=" " ind2=" ">
            <subfield code="a">149 p.</subfield>
            <subfield code="b">illus. (incl. ports., music), facsims.</subfield>
            <subfield code="c">23 cm.</subfield>
        </datafield>
        <datafield tag="440" ind1=" " ind2="0">
            <subfield code="a">Famous regiments</subfield>
            <subfield code="5">FU</subfield>
        </datafield>
        <datafield tag="490" ind1="0" ind2=" ">
            <subfield code="a">Famous regiments</subfield>
            <subfield code="5">FTaSU</subfield>
        </datafield>
        <datafield tag="610" ind1="1" ind2="0">
            <subfield code="a">Great Britain.</subfield>
            <subfield code="b">Army.</subfield>
            <subfield code="b">King's Royal Rifle Corps.</subfield>
        </datafield>
        <datafield tag="852" ind1="0" ind2=" ">
            <subfield code="a">FTaSU</subfield>
            <subfield code="b">FSULC</subfield>
            <subfield code="c">GEN</subfield>
            <subfield code="h">UA652.K6</subfield>
            <subfield code="i">W65</subfield>
        </datafield>
        <datafield tag="852" ind1="0" ind2=" ">
            <subfield code="a">FU</subfield>
            <subfield code="b">UFSWE</subfield>
            <subfield code="c">GEN</subfield>
            <subfield code="h">UA652.K6</subfield>
            <subfield code="i">W65x</subfield>
            <subfield code="x">gift</subfield>
        </datafield>
        <datafield tag="852" ind1="0" ind2=" ">
            <subfield code="a">FTaSU</subfield>
            <subfield code="b">FSULC</subfield>
            <subfield code="c">GEN</subfield>
            <subfield code="h">UA652.K6</subfield>
            <subfield code="i">W65</subfield>
        </datafield>
        <datafield tag="852" ind1="0" ind2=" ">
            <subfield code="a">FU</subfield>
            <subfield code="b">UFSWE</subfield>
            <subfield code="c">GEN</subfield>
            <subfield code="h">UA652.K6</subfield>
            <subfield code="i">W65x</subfield>
            <subfield code="x">gift</subfield>
        </datafield>
        <datafield tag="951" ind1=" " ind2=" ">
            <subfield code="1">05</subfield>
            <subfield code="a">FSU01:000101632;</subfield>
            <subfield code="5">FTaSU</subfield>
        </datafield>
        <datafield tag="951" ind1=" " ind2=" ">
            <subfield code="1">08</subfield>
            <subfield code="a">UFU01:002105994;</subfield>
            <subfield code="5">FU</subfield>
        </datafield>
        <datafield tag="999" ind1=" " ind2=" ">
            <subfield code="a">AAL4472001</subfield>
        </datafield>
        <datafield tag="999" ind1=" " ind2=" ">
            <subfield code="a">AKU5381001</subfield>
        </datafield>
    </record>