
    <record>
        <leader>01009cam a2200253I 4500</leader>
        <controlfield tag="001">022577564</controlfield>
        <controlfield tag="004">FSAAL6115001</controlfield>
        <controlfield tag="005">20120622233900.0</controlfield>
        <controlfield tag="008">721024 1895 | eng c</controlfield>
        <datafield tag="010" ind1=" " ind2=" ">
            <subfield code="a"> 04013163 </subfield>
        </datafield>
        <datafield tag="035" ind1=" " ind2=" ">
            <subfield code="a">(OCoLC)00476021</subfield>
        </datafield>
        <datafield tag="040" ind1=" " ind2=" ">
            <subfield code="a">Ohio Univ Lib</subfield>
        </datafield>
        <datafield tag="050" ind1=" " ind2=" ">
            <subfield code="a">DC203</subfield>
            <subfield code="b">.G44</subfield>
        </datafield>
        <datafield tag="100" ind1="1" ind2=" ">
            <subfield code="a">Gibbs, Montgomery B.</subfield>
        </datafield>
        <datafield tag="245" ind1="1" ind2="0">
            <subfield code="a">Military career of Napoleon the Great;</subfield>
            <subfield code="b">an account of the remarkable campaigns of the &quot;man of
                destiny&quot;; authentic anecdotes of the battlefield as told by the famous marshals
                and generals of the first empire.</subfield>
        </datafield>
        <datafield tag="260" ind1=" " ind2=" ">
            <subfield code="a">Chicago,</subfield>
            <subfield code="b">The Werner Co.,</subfield>
            <subfield code="c">1895.</subfield>
        </datafield>
        <datafield tag="300" ind1=" " ind2=" ">
            <subfield code="a">514 p.</subfield>
            <subfield code="b">illus.</subfield>
        </datafield>
        <datafield tag="500" ind1=" " ind2=" ">
            <subfield code="a">Published also in the same year, with the same imprint under title:
                Napoleonʹs military career.</subfield>
            <subfield code="5">FTaSU</subfield>
        </datafield>
        <datafield tag="600" ind1="0" ind2="0">
            <subfield code="a">Napoleon</subfield>
            <subfield code="b">I,</subfield>
            <subfield code="c">Emperor of the French,</subfield>
            <subfield code="d">1769-1821.</subfield>
        </datafield>
        <datafield tag="651" ind1=" " ind2="0">
            <subfield code="a">France</subfield>
            <subfield code="x">History</subfield>
            <subfield code="y">1789-1815.</subfield>
        </datafield>
        <datafield tag="852" ind1="0" ind2=" ">
            <subfield code="a">FTaSU</subfield>
            <subfield code="b">FSUSP</subfield>
            <subfield code="c">NAP</subfield>
            <subfield code="h">DC203</subfield>
            <subfield code="i">.G44</subfield>
        </datafield>
        <datafield tag="852" ind1="0" ind2=" ">
            <subfield code="a">FTaSU</subfield>
            <subfield code="b">FSUSP</subfield>
            <subfield code="c">NAP</subfield>
            <subfield code="h">DC203</subfield>
            <subfield code="i">.G44</subfield>
        </datafield>
        <datafield tag="951" ind1=" " ind2=" ">
            <subfield code="1">05</subfield>
            <subfield code="a">FSU01:000103210;</subfield>
            <subfield code="5">FTaSU</subfield>
        </datafield>
        <datafield tag="999" ind1=" " ind2=" ">
            <subfield code="a">AAL6115001</subfield>
        </datafield>
    </record>