
    <record>
        <leader>00904nam a2200265I 4500</leader>
        <controlfield tag="001">022710341</controlfield>
        <controlfield tag="004">FSAAM1082001</controlfield>
        <controlfield tag="005">20120622234900.0</controlfield>
        <controlfield tag="008">721128 1886 | eng u</controlfield>
        <datafield tag="010" ind1=" " ind2=" ">
            <subfield code="a">a 12000750 </subfield>
        </datafield>
        <datafield tag="035" ind1=" " ind2=" ">
            <subfield code="a">(OCoLC)00502616</subfield>
        </datafield>
        <datafield tag="040" ind1=" " ind2=" ">
            <subfield code="c">KSU</subfield>
            <subfield code="d">FDA</subfield>
        </datafield>
        <datafield tag="050" ind1="0" ind2=" ">
            <subfield code="a">DC192</subfield>
            <subfield code="b">.F3</subfield>
        </datafield>
        <datafield tag="090" ind1=" " ind2=" ">
            <subfield code="a">DC192</subfield>
            <subfield code="b">.F3</subfield>
        </datafield>
        <datafield tag="100" ind1="1" ind2=" ">
            <subfield code="a">Fauriel, C. C.</subfield>
            <subfield code="q">(Claude Charles),</subfield>
            <subfield code="d">1772-1844.</subfield>
        </datafield>
        <datafield tag="245" ind1="1" ind2="4">
            <subfield code="a">The last days of the Consulate,</subfield>
            <subfield code="c">from the French of M. Fauriel, ed., with an introduction, by M. L.
                Lalanne.</subfield>
        </datafield>
        <datafield tag="260" ind1=" " ind2=" ">
            <subfield code="a">New York,</subfield>
            <subfield code="b">A. C. Armstrong &amp; son,</subfield>
            <subfield code="c">1886.</subfield>
        </datafield>
        <datafield tag="300" ind1=" " ind2=" ">
            <subfield code="a">xxiv, 328 p.</subfield>
            <subfield code="c">19 cm.</subfield>
        </datafield>
        <datafield tag="651" ind1=" " ind2="0">
            <subfield code="a">France</subfield>
            <subfield code="x">History</subfield>
            <subfield code="y">Consulate and First Empire, 1799-1815.</subfield>
        </datafield>
        <datafield tag="700" ind1="1" ind2=" ">
            <subfield code="a">Lalanne, Ludovic,</subfield>
            <subfield code="d">1815-1898,</subfield>
            <subfield code="e">ed.</subfield>
        </datafield>
        <datafield tag="852" ind1="0" ind2=" ">
            <subfield code="a">FTaSU</subfield>
            <subfield code="b">FSUSP</subfield>
            <subfield code="c">NAP</subfield>
            <subfield code="h">DC192</subfield>
            <subfield code="i">.F3</subfield>
        </datafield>
        <datafield tag="852" ind1="0" ind2=" ">
            <subfield code="a">FTaSU</subfield>
            <subfield code="b">FSUSP</subfield>
            <subfield code="c">NAP</subfield>
            <subfield code="h">DC192</subfield>
            <subfield code="i">.F3</subfield>
        </datafield>
        <datafield tag="951" ind1=" " ind2=" ">
            <subfield code="1">05</subfield>
            <subfield code="a">FSU01:000108048;</subfield>
            <subfield code="5">FTaSU</subfield>
        </datafield>
        <datafield tag="951" ind1=" " ind2=" ">
            <subfield code="1">10</subfield>
            <subfield code="a">SFU01:000119483;</subfield>
            <subfield code="5">FTS</subfield>
        </datafield>
        <datafield tag="999" ind1=" " ind2=" ">
            <subfield code="a">AAM1082001</subfield>
        </datafield>
    </record>