
    <record>
        <leader>01451nam a2200361 4500</leader>
        <controlfield tag="001">023035520</controlfield>
        <controlfield tag="004">FIAAN6999001</controlfield>
        <controlfield tag="005">20120623020600.0</controlfield>
        <controlfield tag="008">741029m19039999fr a 000|0aengm </controlfield>
        <datafield tag="010" ind1=" " ind2=" ">
            <subfield code="a"> 74182568 </subfield>
        </datafield>
        <datafield tag="035" ind1=" " ind2=" ">
            <subfield code="a">(OCoLC)01229707</subfield>
        </datafield>
        <datafield tag="040" ind1=" " ind2=" ">
            <subfield code="a">DLC</subfield>
            <subfield code="c">DLC</subfield>
            <subfield code="d">m.c.</subfield>
            <subfield code="d">FXG</subfield>
        </datafield>
        <datafield tag="043" ind1=" " ind2=" ">
            <subfield code="a">e-fr---</subfield>
        </datafield>
        <datafield tag="050" ind1="0" ind2=" ">
            <subfield code="a">DC216.1</subfield>
            <subfield code="b">.J67 1903</subfield>
        </datafield>
        <datafield tag="090" ind1=" " ind2=" ">
            <subfield code="a">DC216.1</subfield>
            <subfield code="b">.J67 1903</subfield>
        </datafield>
        <datafield tag="100" ind1="0" ind2=" ">
            <subfield code="a">Josephine,</subfield>
            <subfield code="c">Empress, consort of Napoleon I, Emperor of the French,</subfield>
            <subfield code="d">1763-1814.</subfield>
        </datafield>
        <datafield tag="245" ind1="1" ind2="0">
            <subfield code="a">Memoirs of the Empress Josephine.</subfield>
        </datafield>
        <datafield tag="260" ind1=" " ind2=" ">
            <subfield code="a">Paris,</subfield>
            <subfield code="b">Societé des Bibliophiles;</subfield>
            <subfield code="a">New York,</subfield>
            <subfield code="b">Merrill &amp; Baker,</subfield>
            <subfield code="c">1903-</subfield>
        </datafield>
        <datafield tag="300" ind1=" " ind2=" ">
            <subfield code="a">v.</subfield>
            <subfield code="b">illus.</subfield>
            <subfield code="c">22 cm.</subfield>
        </datafield>
        <datafield tag="440" ind1=" " ind2="0">
            <subfield code="a">Courtiers and favourites of royalty</subfield>
            <subfield code="5">FMFIU</subfield>
            <subfield code="5">FTaSU</subfield>
        </datafield>
        <datafield tag="600" ind1="0" ind2="0">
            <subfield code="a">Josephine,</subfield>
            <subfield code="c">Empress, consort of Napoleon I, Emperor of the French,</subfield>
            <subfield code="d">1763-1814.</subfield>
        </datafield>
        <datafield tag="600" ind1="0" ind2="0">
            <subfield code="a">Napoleon</subfield>
            <subfield code="b">I,</subfield>
            <subfield code="c">Emperor of the French,</subfield>
            <subfield code="d">1769-1821</subfield>
        </datafield>
        <datafield tag="651" ind1=" " ind2="0">
            <subfield code="a">France</subfield>
            <subfield code="x">History</subfield>
            <subfield code="y">Consulate and First Empire, 1799-1815.</subfield>
        </datafield>
        <datafield tag="852" ind1="0" ind2=" ">
            <subfield code="a">FMFIU</subfield>
            <subfield code="b">FIUSP</subfield>
            <subfield code="c">SPC</subfield>
            <subfield code="h">DC216.1</subfield>
            <subfield code="i">.J67 1903</subfield>
            <subfield code="x">vf</subfield>
        </datafield>
        <datafield tag="866" ind1="3" ind2="1">
            <subfield code="b">FIU Green Library Special Coll</subfield>
            <subfield code="c">General - 4th Fl.</subfield>
            <subfield code="h">DC216.1</subfield>
            <subfield code="i">.J67 1903</subfield>
            <subfield code="a">v. 1,2</subfield>
        </datafield>
        <datafield tag="852" ind1="0" ind2=" ">
            <subfield code="a">FTaSU</subfield>
            <subfield code="b">FSUSP</subfield>
            <subfield code="c">NAP</subfield>
            <subfield code="h">DC216.1</subfield>
            <subfield code="i">.J67 1903</subfield>
        </datafield>
        <datafield tag="866" ind1="3" ind2="1">
            <subfield code="b">FSU STROZIER, Special Coll</subfield>
            <subfield code="c">Napoleon</subfield>
            <subfield code="h">DC216.1</subfield>
            <subfield code="i">.J67 1903</subfield>
            <subfield code="a">v. 1-2</subfield>
        </datafield>
        <datafield tag="852" ind1="0" ind2=" ">
            <subfield code="a">FMFIU</subfield>
            <subfield code="b">FIUSP</subfield>
            <subfield code="c">SPC</subfield>
            <subfield code="h">DC216.1</subfield>
            <subfield code="i">.J67 1903</subfield>
            <subfield code="x">vf</subfield>
        </datafield>
        <datafield tag="852" ind1="0" ind2=" ">
            <subfield code="a">FTaSU</subfield>
            <subfield code="b">FSUSP</subfield>
            <subfield code="c">NAP</subfield>
            <subfield code="h">DC216.1</subfield>
            <subfield code="i">.J67 1903</subfield>
        </datafield>
        <datafield tag="951" ind1=" " ind2=" ">
            <subfield code="1">04</subfield>
            <subfield code="a">FIU01:000115383;</subfield>
            <subfield code="5">FMFIU</subfield>
        </datafield>
        <datafield tag="951" ind1=" " ind2=" ">
            <subfield code="1">05</subfield>
            <subfield code="a">FSU01:000647392;</subfield>
            <subfield code="5">FTaSU</subfield>
        </datafield>
        <datafield tag="999" ind1=" " ind2=" ">
            <subfield code="a">AAN6999001</subfield>
        </datafield>
        <datafield tag="999" ind1=" " ind2=" ">
            <subfield code="a">ACV8390001</subfield>
        </datafield>
    </record>