
    <record>
        <leader>01907pam a2200529 i 4500</leader>
        <controlfield tag="001">023424244</controlfield>
        <controlfield tag="004">NFAAQ0228001</controlfield>
        <controlfield tag="005">20120623031800.0</controlfield>
        <controlfield tag="008">751104s1976 ilua b 001 0beng </controlfield>
        <datafield tag="010" ind1=" " ind2=" ">
            <subfield code="a"> 75037956 </subfield>
        </datafield>
        <datafield tag="020" ind1=" " ind2=" ">
            <subfield code="a">0809306913</subfield>
        </datafield>
        <datafield tag="035" ind1=" " ind2=" ">
            <subfield code="a">(OCoLC)01945469</subfield>
        </datafield>
        <datafield tag="035" ind1=" " ind2=" ">
            <subfield code="a">(OCoLC)01945469</subfield>
        </datafield>
        <datafield tag="040" ind1=" " ind2=" ">
            <subfield code="a">DLC</subfield>
            <subfield code="c">DLC</subfield>
            <subfield code="d">FTU</subfield>
        </datafield>
        <datafield tag="050" ind1="0" ind2=" ">
            <subfield code="a">DC198.D2</subfield>
            <subfield code="b">G34</subfield>
        </datafield>
        <datafield tag="082" ind1="0" ind2=" ">
            <subfield code="a">355.3/31/0924</subfield>
            <subfield code="a">B</subfield>
        </datafield>
        <datafield tag="090" ind1=" " ind2=" ">
            <subfield code="a">DC198.D2</subfield>
            <subfield code="b">G34</subfield>
        </datafield>
        <datafield tag="092" ind1=" " ind2=" ">
            <subfield code="a">355.331092</subfield>
            <subfield code="b">D266g</subfield>
        </datafield>
        <datafield tag="100" ind1="1" ind2=" ">
            <subfield code="a">Gallaher, John G.</subfield>
        </datafield>
        <datafield tag="245" ind1="1" ind2="4">
            <subfield code="a">The iron marshal :</subfield>
            <subfield code="b">a biography of Louis N. Davout /</subfield>
            <subfield code="c">John G. Gallaher.</subfield>
        </datafield>
        <datafield tag="260" ind1=" " ind2=" ">
            <subfield code="a">Carbondale :</subfield>
            <subfield code="b">Southern Illinois University Press,</subfield>
            <subfield code="c">c1976.</subfield>
        </datafield>
        <datafield tag="300" ind1=" " ind2=" ">
            <subfield code="a">xi, 420 p. :</subfield>
            <subfield code="b">ill. ;</subfield>
            <subfield code="c">24 cm.</subfield>
        </datafield>
        <datafield tag="500" ind1=" " ind2=" ">
            <subfield code="a">Includes index.</subfield>
            <subfield code="5">FOFT</subfield>
            <subfield code="5">FJUNF</subfield>
            <subfield code="5">FU</subfield>
            <subfield code="5">FTS</subfield>
            <subfield code="5">FTaSU</subfield>
        </datafield>
        <datafield tag="504" ind1=" " ind2=" ">
            <subfield code="a">Bibliography: p. 397-406.</subfield>
        </datafield>
        <datafield tag="583" ind1="1" ind2=" ">
            <subfield code="5">flgafar</subfield>
            <subfield code="a">committed to retain</subfield>
            <subfield code="c">20130718</subfield>
            <subfield code="d">committed to retain permanently</subfield>
            <subfield code="f">FLARE</subfield>
            <subfield code="j">FSTO</subfield>
        </datafield>
        <datafield tag="583" ind1="1" ind2=" ">
            <subfield code="5">flgafar</subfield>
            <subfield code="a">condition reviewed</subfield>
            <subfield code="c">20130718</subfield>
            <subfield code="f">FLARE</subfield>
            <subfield code="j">FSTO</subfield>
        </datafield>
        <datafield tag="600" ind1="1" ind2="0">
            <subfield code="a">Davout, Louis Nicolas,</subfield>
            <subfield code="c">duc d'Auerstædt et prince d'Eckmühl,</subfield>
            <subfield code="d">1770-1823.</subfield>
        </datafield>
        <datafield tag="852" ind1="0" ind2=" ">
            <subfield code="a">FJUNF</subfield>
            <subfield code="b">NFUCC</subfield>
            <subfield code="c">GENL</subfield>
            <subfield code="h">DC198.D2</subfield>
            <subfield code="i">G34</subfield>
        </datafield>
        <datafield tag="852" ind1="0" ind2=" ">
            <subfield code="a">FOFT</subfield>
            <subfield code="b">CFMGC</subfield>
            <subfield code="c">GC</subfield>
            <subfield code="h">DC198.D2</subfield>
            <subfield code="i">G34</subfield>
        </datafield>
        <datafield tag="852" ind1="0" ind2=" ">
            <subfield code="a">FTS</subfield>
            <subfield code="b">SFTMP</subfield>
            <subfield code="c">GEN</subfield>
            <subfield code="h">DC198.D2</subfield>
            <subfield code="i">G34</subfield>
        </datafield>
        <datafield tag="852" ind1="0" ind2=" ">
            <subfield code="a">FTaSU</subfield>
            <subfield code="b">FSULC</subfield>
            <subfield code="c">SUB</subfield>
            <subfield code="h">DC198.D2</subfield>
            <subfield code="i">G34</subfield>
        </datafield>
        <datafield tag="852" ind1="1" ind2=" ">
            <subfield code="a">FlGaFAR</subfield>
            <subfield code="b">FLARE</subfield>
            <subfield code="c">TRAY</subfield>
            <subfield code="h">355.331092</subfield>
            <subfield code="i">D266g</subfield>
        </datafield>
        <datafield tag="852" ind1="0" ind2=" ">
            <subfield code="a">FJUNF</subfield>
            <subfield code="b">NFUCC</subfield>
            <subfield code="c">GENL</subfield>
            <subfield code="h">DC198.D2</subfield>
            <subfield code="i">G34</subfield>
        </datafield>
        <datafield tag="852" ind1="0" ind2=" ">
            <subfield code="a">FOFT</subfield>
            <subfield code="b">CFMGC</subfield>
            <subfield code="c">GC</subfield>
            <subfield code="h">DC198.D2</subfield>
            <subfield code="i">G34</subfield>
        </datafield>
        <datafield tag="852" ind1="0" ind2=" ">
            <subfield code="a">FTS</subfield>
            <subfield code="b">SFTMP</subfield>
            <subfield code="c">GEN</subfield>
            <subfield code="h">DC198.D2</subfield>
            <subfield code="i">G34</subfield>
        </datafield>
        <datafield tag="852" ind1="0" ind2=" ">
            <subfield code="a">FTaSU</subfield>
            <subfield code="b">FSULC</subfield>
            <subfield code="c">SUB</subfield>
            <subfield code="h">DC198.D2</subfield>
            <subfield code="i">G34</subfield>
        </datafield>
        <datafield tag="852" ind1="1" ind2=" ">
            <subfield code="a">FU</subfield>
            <subfield code="b">UFSTO</subfield>
            <subfield code="c">UFFLR</subfield>
            <subfield code="h">355.331092</subfield>
            <subfield code="i">D266g</subfield>
        </datafield>
        <datafield tag="852" ind1="1" ind2=" ">
            <subfield code="a">FlGaFAR</subfield>
            <subfield code="b">FLARE</subfield>
            <subfield code="c">TRAY</subfield>
            <subfield code="h">355.331092</subfield>
            <subfield code="i">D266g</subfield>
        </datafield>
        <datafield tag="951" ind1=" " ind2=" ">
            <subfield code="1">07</subfield>
            <subfield code="a">CFU01:000120765;</subfield>
            <subfield code="5">FOFT</subfield>
        </datafield>
        <datafield tag="951" ind1=" " ind2=" ">
            <subfield code="1">05</subfield>
            <subfield code="a">FSU01:000255940;</subfield>
            <subfield code="5">FTaSU</subfield>
        </datafield>
        <datafield tag="951" ind1=" " ind2=" ">
            <subfield code="1">09</subfield>
            <subfield code="a">NFU01:000135199;</subfield>
            <subfield code="5">FJUNF</subfield>
        </datafield>
        <datafield tag="951" ind1=" " ind2=" ">
            <subfield code="1">10</subfield>
            <subfield code="a">SFU01:000246115;</subfield>
            <subfield code="5">FTS</subfield>
        </datafield>
        <datafield tag="951" ind1=" " ind2=" ">
            <subfield code="1">08</subfield>
            <subfield code="a">UFU01:000145063;</subfield>
            <subfield code="5">FU</subfield>
        </datafield>
        <datafield tag="999" ind1=" " ind2=" ">
            <subfield code="a">AAQ0228001</subfield>
        </datafield>
        <datafield tag="999" ind1=" " ind2=" ">
            <subfield code="a">AAN8307001</subfield>
        </datafield>
        <datafield tag="999" ind1=" " ind2=" ">
            <subfield code="a">ABD3014001</subfield>
        </datafield>
        <datafield tag="999" ind1=" " ind2=" ">
            <subfield code="a">ABC3195001</subfield>
        </datafield>
    </record>