
    <record>
        <leader>01008nam a2200241I 4500</leader>
        <controlfield tag="001">023453260</controlfield>
        <controlfield tag="004">FSAAP9031001</controlfield>
        <controlfield tag="005">20060317111641.0</controlfield>
        <controlfield tag="008">730730 1896 | fre u</controlfield>
        <datafield tag="035" ind1=" " ind2=" ">
            <subfield code="a">(OCoLC)00666037</subfield>
        </datafield>
        <datafield tag="040" ind1=" " ind2=" ">
            <subfield code="c">KSU</subfield>
            <subfield code="d">FDA</subfield>
        </datafield>
        <datafield tag="090" ind1=" " ind2=" ">
            <subfield code="a">DC229</subfield>
            <subfield code="b">.D3</subfield>
        </datafield>
        <datafield tag="100" ind1="1" ind2=" ">
            <subfield code="a">Davout, Louis Nicolas,</subfield>
            <subfield code="c">duc d'Auerstædt et prince d'Eckmühl,</subfield>
            <subfield code="d">1770-1823.</subfield>
        </datafield>
        <datafield tag="245" ind1="1" ind2="0">
            <subfield code="a">Opérations du 3e corps, 1806-1807; /</subfield>
            <subfield code="c">rapport du Maréchal Davout, duc d'Auerstaedt, pub. par son neveu le
                général Davout, duc d'Auerstaedt.</subfield>
        </datafield>
        <datafield tag="260" ind1=" " ind2=" ">
            <subfield code="a">Paris, :</subfield>
            <subfield code="b">C. Lévy,</subfield>
            <subfield code="c">1896.</subfield>
        </datafield>
        <datafield tag="300" ind1=" " ind2=" ">
            <subfield code="a">2 p. l., vii, 385 p., 1 l. :</subfield>
            <subfield code="b">front., pl., ports, maps (1fold.) ;</subfield>
            <subfield code="c">23 cm.</subfield>
        </datafield>
        <datafield tag="650" ind1=" " ind2="0">
            <subfield code="a">Napoleonic Wars, 1800-1815</subfield>
            <subfield code="x">Campaigns</subfield>
            <subfield code="v">Sources.</subfield>
        </datafield>
        <datafield tag="651" ind1=" " ind2="0">
            <subfield code="a">France</subfield>
            <subfield code="x">History</subfield>
            <subfield code="y">Consulate and First Empire, 1799-1815</subfield>
            <subfield code="v">Sources.</subfield>
        </datafield>
        <datafield tag="700" ind1="1" ind2=" ">
            <subfield code="a">Davout, Leopold Charles,</subfield>
            <subfield code="c">Duc d'Auerstaedt,</subfield>
            <subfield code="d">1829-1904,</subfield>
            <subfield code="e">ed.</subfield>
        </datafield>
        <datafield tag="852" ind1="0" ind2=" ">
            <subfield code="a">FTaSU</subfield>
            <subfield code="b">FSUSP</subfield>
            <subfield code="c">NAP</subfield>
            <subfield code="h">DC229</subfield>
            <subfield code="i">.D3</subfield>
        </datafield>
        <datafield tag="852" ind1="0" ind2=" ">
            <subfield code="a">FTaSU</subfield>
            <subfield code="b">FSUSP</subfield>
            <subfield code="c">NAP</subfield>
            <subfield code="h">DC229</subfield>
            <subfield code="i">.D3</subfield>
        </datafield>
        <datafield tag="951" ind1=" " ind2=" ">
            <subfield code="1">05</subfield>
            <subfield code="a">FSU01:000135207;</subfield>
            <subfield code="5">FTaSU</subfield>
        </datafield>
        <datafield tag="999" ind1=" " ind2=" ">
            <subfield code="a">AAP9031001</subfield>
        </datafield>
    </record>