
    <record>
        <leader>01311nam a2200349I 4500</leader>
        <controlfield tag="001">023460930</controlfield>
        <controlfield tag="004">SFAAS3660001</controlfield>
        <controlfield tag="005">20160811165500.0</controlfield>
        <controlfield tag="008">730516c19071904ohuacf 000|0 engm </controlfield>
        <datafield tag="010" ind1=" " ind2=" ">
            <subfield code="a"> 04007564 </subfield>
        </datafield>
        <datafield tag="035" ind1=" " ind2=" ">
            <subfield code="a">(OCoLC)00624930</subfield>
        </datafield>
        <datafield tag="040" ind1=" " ind2=" ">
            <subfield code="c">URB</subfield>
            <subfield code="d">FHM</subfield>
        </datafield>
        <datafield tag="041" ind1="1" ind2=" ">
            <subfield code="a">engfre</subfield>
        </datafield>
        <datafield tag="050" ind1="0" ind2=" ">
            <subfield code="a">DC203</subfield>
            <subfield code="b">.C62</subfield>
        </datafield>
        <datafield tag="090" ind1=" " ind2=" ">
            <subfield code="a">DC203</subfield>
            <subfield code="b">.C62</subfield>
        </datafield>
        <datafield tag="090" ind1=" " ind2=" ">
            <subfield code="a">DC203</subfield>
            <subfield code="b">.C66 1907</subfield>
        </datafield>
        <datafield tag="100" ind1="1" ind2=" ">
            <subfield code="a">Constant, Louis Constant Wairy,</subfield>
            <subfield code="c">known as,</subfield>
            <subfield code="d">b. 1778.</subfield>
        </datafield>
        <datafield tag="245" ind1="1" ind2="0">
            <subfield code="a">Recollections of the private life of Napoleon,</subfield>
            <subfield code="c">by Constant, premier valet de chambre; tr. by Walter
                Clark.</subfield>
        </datafield>
        <datafield tag="260" ind1=" " ind2=" ">
            <subfield code="a">Akron, O., New York [etc.]</subfield>
            <subfield code="b">The Saalfield publishing company,</subfield>
            <subfield code="c">1915 [c1895]</subfield>
        </datafield>
        <datafield tag="300" ind1=" " ind2=" ">
            <subfield code="a">3 v.</subfield>
            <subfield code="b">fronts. (2 port.) plates.̋</subfield>
        </datafield>
        <datafield tag="600" ind1="0" ind2="0">
            <subfield code="b">I,</subfield>
            <subfield code="a">Napoleon</subfield>
            <subfield code="c">Emperor of the French,</subfield>
            <subfield code="d">1769-1821.</subfield>
        </datafield>
        <datafield tag="700" ind1="1" ind2=" ">
            <subfield code="a">Clark, Walter,</subfield>
            <subfield code="d">1846-1924</subfield>
            <subfield code="e">tr.</subfield>
        </datafield>
        <datafield tag="852" ind1="0" ind2=" ">
            <subfield code="a">FTS</subfield>
            <subfield code="b">SFTMP</subfield>
            <subfield code="c">GEN</subfield>
            <subfield code="h">DC203</subfield>
            <subfield code="i">.C62</subfield>
            <subfield code="x">vf</subfield>
        </datafield>
        <datafield tag="866" ind1="3" ind2="1">
            <subfield code="b">USF LIBRARY--Tampa</subfield>
            <subfield code="c">Circulating Collection</subfield>
            <subfield code="h">DC203</subfield>
            <subfield code="i">.C62</subfield>
            <subfield code="a">v. 1-3</subfield>
        </datafield>
        <datafield tag="852" ind1="0" ind2=" ">
            <subfield code="a">FTaSU</subfield>
            <subfield code="b">FSUSP</subfield>
            <subfield code="c">NAP</subfield>
            <subfield code="h">DC203</subfield>
            <subfield code="i">.C66 1907</subfield>
            <subfield code="x">dks</subfield>
        </datafield>
        <datafield tag="866" ind1="3" ind2="1">
            <subfield code="b">FSU STROZIER, Special Coll</subfield>
            <subfield code="c">Napoleon</subfield>
            <subfield code="h">DC203</subfield>
            <subfield code="i">.C66 1907</subfield>
            <subfield code="a">v. 1-3</subfield>
        </datafield>
        <datafield tag="852" ind1="0" ind2=" ">
            <subfield code="a">FTS</subfield>
            <subfield code="b">SFTMP</subfield>
            <subfield code="c">GEN</subfield>
            <subfield code="h">DC203</subfield>
            <subfield code="i">.C62</subfield>
            <subfield code="x">vf</subfield>
        </datafield>
        <datafield tag="852" ind1="0" ind2=" ">
            <subfield code="a">FTaSU</subfield>
            <subfield code="b">FSUSP</subfield>
            <subfield code="c">NAP</subfield>
            <subfield code="h">DC203</subfield>
            <subfield code="i">.C66 1907</subfield>
            <subfield code="x">dks</subfield>
        </datafield>
        <datafield tag="951" ind1=" " ind2=" ">
            <subfield code="1">05</subfield>
            <subfield code="a">FSU01:000612521;</subfield>
            <subfield code="5">FTaSU</subfield>
        </datafield>
        <datafield tag="951" ind1=" " ind2=" ">
            <subfield code="1">10</subfield>
            <subfield code="a">SFU01:000141454;</subfield>
            <subfield code="5">FTS</subfield>
        </datafield>
        <datafield tag="999" ind1=" " ind2=" ">
            <subfield code="a">AAS3660001</subfield>
        </datafield>
        <datafield tag="999" ind1=" " ind2=" ">
            <subfield code="a">ACS1397001</subfield>
        </datafield>
    </record>