
    <record>
        <leader>01035nam a2200253I 4500</leader>
        <controlfield tag="001">023513463</controlfield>
        <controlfield tag="004">FSAAQ1189001</controlfield>
        <controlfield tag="005">20120623001100.0</controlfield>
        <controlfield tag="008">730817 1971 | fre c</controlfield>
        <datafield tag="010" ind1=" " ind2=" ">
            <subfield code="a"> 72367796 </subfield>
        </datafield>
        <datafield tag="035" ind1=" " ind2=" ">
            <subfield code="a">(OCoLC)00680025</subfield>
        </datafield>
        <datafield tag="040" ind1=" " ind2=" ">
            <subfield code="a">Ohio Univ Lib</subfield>
        </datafield>
        <datafield tag="050" ind1=" " ind2=" ">
            <subfield code="a">DC203.9</subfield>
            <subfield code="b">.V4</subfield>
        </datafield>
        <datafield tag="100" ind1="1" ind2=" ">
            <subfield code="a">Veauce, Eugène de.</subfield>
        </datafield>
        <datafield tag="245" ind1="1" ind2="4">
            <subfield code="a">Les Masques mortuaires de Napoléon,</subfield>
            <subfield code="b">le point de la question.</subfield>
            <subfield code="c">Avec une introduction inédite de Paul Fleuriot de Langle.</subfield>
        </datafield>
        <datafield tag="260" ind1=" " ind2=" ">
            <subfield code="a">Paris,</subfield>
            <subfield code="b">la Pensée universelle,</subfield>
            <subfield code="c">1971.</subfield>
        </datafield>
        <datafield tag="300" ind1=" " ind2=" ">
            <subfield code="a">121 p.</subfield>
            <subfield code="b">plates.</subfield>
            <subfield code="c">18 cm.</subfield>
        </datafield>
        <datafield tag="500" ind1=" " ind2=" ">
            <subfield code="a">&quot;Rédigé à lʾoccasion du 150e anniversaire de la mort de
                lʾEmpereur, 5 mai 1971.&quot;</subfield>
            <subfield code="5">FTaSU</subfield>
        </datafield>
        <datafield tag="504" ind1=" " ind2=" ">
            <subfield code="a">Bibliography: p. [119]--121.</subfield>
        </datafield>
        <datafield tag="600" ind1="0" ind2="0">
            <subfield code="a">Napoleon</subfield>
            <subfield code="b">I,</subfield>
            <subfield code="c">Emperor of the French,</subfield>
            <subfield code="d">1769-1821</subfield>
            <subfield code="x">Death mask.</subfield>
        </datafield>
        <datafield tag="852" ind1="0" ind2=" ">
            <subfield code="a">FTaSU</subfield>
            <subfield code="b">FSUSP</subfield>
            <subfield code="c">NAP</subfield>
            <subfield code="h">DC203.9</subfield>
            <subfield code="i">.V4</subfield>
            <subfield code="x">Redesignated from subbasement 10/03/2006 rjm</subfield>
        </datafield>
        <datafield tag="852" ind1="0" ind2=" ">
            <subfield code="a">FTaSU</subfield>
            <subfield code="b">FSUSP</subfield>
            <subfield code="c">NAP</subfield>
            <subfield code="h">DC203.9</subfield>
            <subfield code="i">.V4</subfield>
            <subfield code="x">Redesignated from subbasement 10/03/2006 rjm</subfield>
        </datafield>
        <datafield tag="951" ind1=" " ind2=" ">
            <subfield code="1">05</subfield>
            <subfield code="a">FSU01:000137307;</subfield>
            <subfield code="5">FTaSU</subfield>
        </datafield>
        <datafield tag="999" ind1=" " ind2=" ">
            <subfield code="a">AAQ1189001</subfield>
        </datafield>
    </record>