<!--
    <record>
        <leader>00928nam a2200241K 4500</leader>
        <controlfield tag="001">023618745</controlfield>
        <controlfield tag="004">FSAGD3858001</controlfield>
        <controlfield tag="005">20120623001500.0</controlfield>
        <controlfield tag="008">910220r19691817fr ab a 000|0 fre d</controlfield>
        <datafield tag="035" ind1=" " ind2=" ">
            <subfield code="a">(OCoLC)23126823</subfield>
        </datafield>
        <datafield tag="040" ind1=" " ind2=" ">
            <subfield code="a">FDA</subfield>
            <subfield code="c">FDA</subfield>
        </datafield>
        <datafield tag="099" ind1=" " ind2=" ">
            <subfield code="a">Film</subfield>
            <subfield code="a">2597</subfield>
        </datafield>
        <datafield tag="100" ind1="1" ind2=" ">
            <subfield code="a">Thiébault, Paul-Charles-François,</subfield>
            <subfield code="d">1769-1846.</subfield>
        </datafield>
        <datafield tag="245" ind1="1" ind2="0">
            <subfield code="a">Relation de l'expédition du Portugal,</subfield>
            <subfield code="b">faite en 1807 et 1808, par le 1er corps d'observation de la Gironde,
                devenu Armée de Portugal.</subfield>
            <subfield code="c">Par le baron Thiébault ...</subfield>
        </datafield>
        <datafield tag="260" ind1=" " ind2=" ">
            <subfield code="a">Paris,</subfield>
            <subfield code="b">Chez Magimel, Anselin et Pochard,</subfield>
            <subfield code="c">1817.</subfield>
        </datafield>
        <datafield tag="300" ind1=" " ind2=" ">
            <subfield code="a">x, [2], 375 p.</subfield>
            <subfield code="b">fold. map, fold. tab.</subfield>
            <subfield code="c">20 cm.</subfield>
        </datafield>
        <datafield tag="533" ind1=" " ind2=" ">
            <subfield code="a">Microfilm.</subfield>
            <subfield code="b">[n.p.,</subfield>
            <subfield code="d">1969?]</subfield>
            <subfield code="e">1 reel ; 35 mm.</subfield>
            <subfield code="5">FTaSU</subfield>
        </datafield>
        <datafield tag="650" ind1=" " ind2="0">
            <subfield code="a">Peninsular War, 1807-1814.</subfield>
        </datafield>
        <datafield tag="651" ind1=" " ind2="0">
            <subfield code="a">France</subfield>
            <subfield code="x">History</subfield>
            <subfield code="y">1789-1815.</subfield>
        </datafield>
        <datafield tag="852" ind1="4" ind2=" ">
            <subfield code="a">FTaSU</subfield>
            <subfield code="b">FSULC</subfield>
            <subfield code="c">MICR</subfield>
            <subfield code="h">Film 2597</subfield>
        </datafield>
        <datafield tag="852" ind1="4" ind2=" ">
            <subfield code="a">FTaSU</subfield>
            <subfield code="b">FSULC</subfield>
            <subfield code="c">MICR</subfield>
            <subfield code="h">Film 2597</subfield>
        </datafield>
        <datafield tag="951" ind1=" " ind2=" ">
            <subfield code="1">05</subfield>
            <subfield code="a">FSU01:001103120;</subfield>
            <subfield code="5">FTaSU</subfield>
        </datafield>
        <datafield tag="999" ind1=" " ind2=" ">
            <subfield code="a">AGD3858001</subfield>
        </datafield>
    </record>