-->
    <record>
        <leader>01441cam a22003614a 4500</leader>
        <controlfield tag="001">023622527</controlfield>
        <controlfield tag="005">20110705092950.0</controlfield>
        <controlfield tag="008">050920s2005 sz ab b 000 0 fre c</controlfield>
        <datafield tag="020" ind1=" " ind2=" ">
            <subfield code="a">9782828908324</subfield>
        </datafield>
        <datafield tag="020" ind1=" " ind2=" ">
            <subfield code="a">2828908321</subfield>
        </datafield>
        <datafield tag="035" ind1=" " ind2=" ">
            <subfield code="a">(OCoLC)61753959</subfield>
        </datafield>
        <datafield tag="040" ind1=" " ind2=" ">
            <subfield code="a">TZT</subfield>
            <subfield code="c">TZT</subfield>
            <subfield code="d">AUXAM</subfield>
            <subfield code="d">NDD</subfield>
            <subfield code="d">TJC</subfield>
            <subfield code="d">YUS</subfield>
            <subfield code="d">SZ9XM</subfield>
            <subfield code="d">FDA</subfield>
        </datafield>
        <datafield tag="042" ind1=" " ind2=" ">
            <subfield code="a">pcc</subfield>
        </datafield>
        <datafield tag="043" ind1=" " ind2=" ">
            <subfield code="a">f-ua---</subfield>
        </datafield>
        <datafield tag="050" ind1=" " ind2="4">
            <subfield code="a">DC225</subfield>
            <subfield code="b">.K86 2005</subfield>
        </datafield>
        <datafield tag="072" ind1=" " ind2="7">
            <subfield code="a">DT</subfield>
            <subfield code="2">lcco</subfield>
        </datafield>
        <datafield tag="082" ind1="1" ind2="4">
            <subfield code="a">962</subfield>
            <subfield code="2">1</subfield>
        </datafield>
        <datafield tag="100" ind1="1" ind2=" ">
            <subfield code="a">Künzi, Frédéric.</subfield>
        </datafield>
        <datafield tag="245" ind1="1" ind2="0">
            <subfield code="a">Bonaparte et l'Egypte /</subfield>
            <subfield code="c">Frédéric Künzi ; [préface de Christian Jacq].</subfield>
        </datafield>
        <datafield tag="260" ind1=" " ind2=" ">
            <subfield code="a">Lausanne :</subfield>
            <subfield code="b">Favre,</subfield>
            <subfield code="c">c2005.</subfield>
        </datafield>
        <datafield tag="300" ind1=" " ind2=" ">
            <subfield code="a">279 p. :</subfield>
            <subfield code="b">ill. (some col.), map ;</subfield>
            <subfield code="c">29 cm.</subfield>
        </datafield>
        <datafield tag="504" ind1=" " ind2=" ">
            <subfield code="a">Includes bibliographical references (p. 273-274).</subfield>
        </datafield>
        <datafield tag="600" ind1="0" ind2="0">
            <subfield code="a">Napoleon</subfield>
            <subfield code="b">I,</subfield>
            <subfield code="c">Emperor of the French,</subfield>
            <subfield code="d">1769-1821.</subfield>
        </datafield>
        <datafield tag="650" ind1=" " ind2="0">
            <subfield code="a">Second Coalition, War of the, 1798-1801</subfield>
            <subfield code="x">Campaigns</subfield>
            <subfield code="z">Egypt</subfield>
            <subfield code="v">Pictorial works.</subfield>
        </datafield>
        <datafield tag="650" ind1=" " ind2="0">
            <subfield code="a">French</subfield>
            <subfield code="z">Egypt</subfield>
            <subfield code="x">History</subfield>
            <subfield code="y">18th century</subfield>
            <subfield code="v">Pictorial works.</subfield>
        </datafield>
        <datafield tag="651" ind1=" " ind2="0">
            <subfield code="a">Egypt</subfield>
            <subfield code="x">History</subfield>
            <subfield code="y">French occupation, 1798-1801</subfield>
            <subfield code="v">Pictorial works.</subfield>
        </datafield>
        <datafield tag="651" ind1=" " ind2="0">
            <subfield code="a">Egypt</subfield>
            <subfield code="x">Antiquities</subfield>
            <subfield code="v">Pictorial works.</subfield>
        </datafield>
        <datafield tag="650" ind1=" " ind2="7">
            <subfield code="a">Ägyptische Expedition.</subfield>
            <subfield code="2">swd</subfield>
        </datafield>
        <datafield tag="650" ind1=" " ind2="7">
            <subfield code="a">Ägyptische Expedition</subfield>
            <subfield code="v">Ausstellung</subfield>
            <subfield code="z">Genf &lt;2005&gt;.</subfield>
            <subfield code="2">swd</subfield>
        </datafield>
        <datafield tag="776" ind1="0" ind2="8">
            <subfield code="i">Online version:</subfield>
            <subfield code="a">Künzi, Frédéric.</subfield>
            <subfield code="t">Bonaparte et l'Egypte.</subfield>
            <subfield code="d">Lausanne : Favre, c2005</subfield>
            <subfield code="w">(OCoLC)608056410</subfield>
        </datafield>
        <datafield tag="852" ind1="0" ind2=" ">
            <subfield code="a">FTaSU</subfield>
            <subfield code="b">FSULC</subfield>
            <subfield code="c">GEN</subfield>
            <subfield code="h">DC225</subfield>
            <subfield code="i">.K86 2005</subfield>
        </datafield>
        <datafield tag="852" ind1="0" ind2=" ">
            <subfield code="a">FTaSU</subfield>
            <subfield code="b">FSULC</subfield>
            <subfield code="c">GEN</subfield>
            <subfield code="h">DC225</subfield>
            <subfield code="i">.K86 2005</subfield>
        </datafield>
        <datafield tag="951" ind1=" " ind2=" ">
            <subfield code="1">05</subfield>
            <subfield code="a">FSU01:003116508;</subfield>
            <subfield code="5">FTaSU</subfield>
        </datafield>
    </record>