
    <record>
        <leader>01273nam a2200349I 4500</leader>
        <controlfield tag="001">023734301</controlfield>
        <controlfield tag="004">FSAAQ9087001</controlfield>
        <controlfield tag="005">20120623072700.0</controlfield>
        <controlfield tag="008">731101 1962 | eng u</controlfield>
        <datafield tag="010" ind1=" " ind2=" ">
            <subfield code="a"> 64007207 </subfield>
        </datafield>
        <datafield tag="019" ind1=" " ind2=" ">
            <subfield code="a">733431</subfield>
        </datafield>
        <datafield tag="035" ind1=" " ind2=" ">
            <subfield code="a">(OCoLC)14620403</subfield>
        </datafield>
        <datafield tag="035" ind1=" " ind2=" ">
            <subfield code="a">(OCoLC)14620403</subfield>
        </datafield>
        <datafield tag="040" ind1=" " ind2=" ">
            <subfield code="c">KSU</subfield>
            <subfield code="d">FDA</subfield>
        </datafield>
        <datafield tag="050" ind1="0" ind2=" ">
            <subfield code="a">QD22.F6</subfield>
            <subfield code="b">S6</subfield>
        </datafield>
        <datafield tag="100" ind1="1" ind2=" ">
            <subfield code="a">Smeaton, William Arthur.</subfield>
        </datafield>
        <datafield tag="245" ind1="1" ind2="0">
            <subfield code="a">Fourcroy, chemist and revolutionary, 1755-1809,</subfield>
            <subfield code="c">by W. A. Smeaton.</subfield>
        </datafield>
        <datafield tag="260" ind1=" " ind2=" ">
            <subfield code="a">Cambridge, Eng.,</subfield>
            <subfield code="b">Printed for the author by W. Heffer</subfield>
            <subfield code="c">[1962]</subfield>
        </datafield>
        <datafield tag="300" ind1=" " ind2=" ">
            <subfield code="a">xxi, 288 p.</subfield>
            <subfield code="b">illus.</subfield>
            <subfield code="c">22 cm.</subfield>
        </datafield>
        <datafield tag="504" ind1=" " ind2=" ">
            <subfield code="a">Bibliography: p. [211]-236.</subfield>
        </datafield>
        <datafield tag="583" ind1="1" ind2=" ">
            <subfield code="5">flgafar</subfield>
            <subfield code="a">committed to retain</subfield>
            <subfield code="c">20130829</subfield>
            <subfield code="d">committed to retain permanently</subfield>
            <subfield code="f">FLARE</subfield>
            <subfield code="j">FSTO</subfield>
        </datafield>
        <datafield tag="583" ind1="1" ind2=" ">
            <subfield code="5">flgafar</subfield>
            <subfield code="a">condition reviewed</subfield>
            <subfield code="c">20130829</subfield>
            <subfield code="f">FLARE</subfield>
            <subfield code="j">FSTO</subfield>
        </datafield>
        <datafield tag="600" ind1="1" ind2="0">
            <subfield code="a">Fourcroy, Antoine François de,</subfield>
            <subfield code="c">comte,</subfield>
            <subfield code="d">1755-1809.</subfield>
        </datafield>
        <datafield tag="852" ind1="1" ind2=" ">
            <subfield code="a">FlGaFAR</subfield>
            <subfield code="b">FLARE</subfield>
            <subfield code="c">TRAY</subfield>
            <subfield code="h">540</subfield>
            <subfield code="i">F774Ys</subfield>
        </datafield>
        <datafield tag="852" ind1="0" ind2=" ">
            <subfield code="a">FTaSU</subfield>
            <subfield code="b">FSUSC</subfield>
            <subfield code="c">GEN</subfield>
            <subfield code="h">QD22.F6</subfield>
            <subfield code="i">S6</subfield>
        </datafield>
        <datafield tag="852" ind1="1" ind2=" ">
            <subfield code="a">FlGaFAR</subfield>
            <subfield code="b">FLARE</subfield>
            <subfield code="c">TRAY</subfield>
            <subfield code="h">540</subfield>
            <subfield code="i">F774Ys</subfield>
        </datafield>
        <datafield tag="852" ind1="0" ind2=" ">
            <subfield code="a">FTaSU</subfield>
            <subfield code="b">FSUSC</subfield>
            <subfield code="c">GEN</subfield>
            <subfield code="h">QD22.F6</subfield>
            <subfield code="i">S6</subfield>
        </datafield>
        <datafield tag="852" ind1="1" ind2=" ">
            <subfield code="a">FU</subfield>
            <subfield code="b">UFSTO</subfield>
            <subfield code="c">UFFLR</subfield>
            <subfield code="h">540</subfield>
            <subfield code="i">F774Ys</subfield>
        </datafield>
        <datafield tag="852" ind1=" " ind2=" ">
            <subfield code="a">FU</subfield>
            <subfield code="b">UFSCI</subfield>
            <subfield code="c">GEN</subfield>
            <subfield code="h">540</subfield>
            <subfield code="i">F774Ys</subfield>
            <subfield code="t">2</subfield>
            <subfield code="x">wd 5-83;bk dummy 12-92</subfield>
        </datafield>
        <datafield tag="951" ind1=" " ind2=" ">
            <subfield code="1">05</subfield>
            <subfield code="a">FSU01:000145000;</subfield>
            <subfield code="5">FTaSU</subfield>
        </datafield>
        <datafield tag="951" ind1=" " ind2=" ">
            <subfield code="1">08</subfield>
            <subfield code="a">UFU01:000396872;</subfield>
            <subfield code="5">FU</subfield>
        </datafield>
        <datafield tag="999" ind1=" " ind2=" ">
            <subfield code="a">AAQ9087001</subfield>
        </datafield>
    </record>