
    <record>
        <leader>01813nam a2200457I 4500</leader>
        <controlfield tag="001">023745958</controlfield>
        <controlfield tag="004">FAAAR7633001</controlfield>
        <controlfield tag="005">20150422234300.0</controlfield>
        <controlfield tag="008">751204r19641861enkbc b 000|0aeng </controlfield>
        <datafield tag="010" ind1=" " ind2=" ">
            <subfield code="a"> 65032765 </subfield>
        </datafield>
        <datafield tag="035" ind1=" " ind2=" ">
            <subfield code="a">(OCoLC)01517329</subfield>
        </datafield>
        <datafield tag="040" ind1=" " ind2=" ">
            <subfield code="c">CSU</subfield>
            <subfield code="d">FGM</subfield>
        </datafield>
        <datafield tag="043" ind1=" " ind2=" ">
            <subfield code="a">e-ur---</subfield>
        </datafield>
        <datafield tag="050" ind1=" " ind2=" ">
            <subfield code="a">DC236</subfield>
            <subfield code="b">.W5</subfield>
        </datafield>
        <datafield tag="050" ind1=" " ind2="0">
            <subfield code="a">DC236</subfield>
            <subfield code="b">.W75 1964</subfield>
        </datafield>
        <datafield tag="090" ind1=" " ind2=" ">
            <subfield code="a">DC236</subfield>
            <subfield code="b">.W5</subfield>
        </datafield>
        <datafield tag="100" ind1="1" ind2=" ">
            <subfield code="a">Wilson, Robert Thomas,</subfield>
            <subfield code="c">Sir,</subfield>
            <subfield code="d">1777-1849.</subfield>
        </datafield>
        <datafield tag="245" ind1="1" ind2="0">
            <subfield code="a">General Wilson's journal, 1812-1814.</subfield>
            <subfield code="c">Edited by Antony Brett-James.</subfield>
        </datafield>
        <datafield tag="260" ind1=" " ind2=" ">
            <subfield code="a">London,</subfield>
            <subfield code="b">Kimber</subfield>
            <subfield code="c">[1964]</subfield>
        </datafield>
        <datafield tag="300" ind1=" " ind2=" ">
            <subfield code="a">240 p.</subfield>
            <subfield code="b">fold. maps, port.</subfield>
            <subfield code="c">24 cm.</subfield>
        </datafield>
        <datafield tag="500" ind1=" " ind2=" ">
            <subfield code="a">First published in 1861 under title: Private diary of travels,
                personal services, and public events, during mission and employment with the
                European armies in the campaigns of 1812, 1813-1814.</subfield>
            <subfield code="5">FBoU</subfield>
            <subfield code="5">FTaSU</subfield>
            <subfield code="5">FTS</subfield>
        </datafield>
        <datafield tag="504" ind1=" " ind2=" ">
            <subfield code="a">Bibliography: p. 235-236.</subfield>
        </datafield>
        <datafield tag="600" ind1="0" ind2="0">
            <subfield code="a">Napoleon</subfield>
            <subfield code="b">I,</subfield>
            <subfield code="c">Emperor of the French,</subfield>
            <subfield code="d">1769-1821</subfield>
            <subfield code="y">Campaigns of 1813-1814.</subfield>
        </datafield>
        <datafield tag="600" ind1="0" ind2="0">
            <subfield code="a">Napoleon</subfield>
            <subfield code="b">I,</subfield>
            <subfield code="c">Emperor of the French,</subfield>
            <subfield code="d">1769-1821</subfield>
            <subfield code="y">Invasion of Russia, 1812.</subfield>
        </datafield>
        <datafield tag="600" ind1="0" ind2="0">
            <subfield code="a">Napoleon</subfield>
            <subfield code="b">I,</subfield>
            <subfield code="c">Emperor of the French,</subfield>
            <subfield code="d">1769-1821.</subfield>
        </datafield>
        <datafield tag="650" ind1=" " ind2="0">
            <subfield code="a">Napoleonic Wars, 1800-1815</subfield>
            <subfield code="x">Campaigns</subfield>
            <subfield code="z">Russia.</subfield>
        </datafield>
        <datafield tag="650" ind1=" " ind2="0">
            <subfield code="a">Wars of Liberation, 1813-1814.</subfield>
        </datafield>
        <datafield tag="700" ind1="1" ind2=" ">
            <subfield code="a">Brett-James, Antony,</subfield>
            <subfield code="d">1920-1984</subfield>
            <subfield code="e">ed.</subfield>
        </datafield>
        <datafield tag="700" ind1="1" ind2=" ">
            <subfield code="a">Brett-James, Antony,</subfield>
            <subfield code="d">1920-1984.</subfield>
        </datafield>
        <datafield tag="852" ind1="0" ind2=" ">
            <subfield code="a">FBoU</subfield>
            <subfield code="b">FABOC</subfield>
            <subfield code="c">GEN</subfield>
            <subfield code="h">DC236</subfield>
            <subfield code="i">.W75 1964</subfield>
        </datafield>
        <datafield tag="852" ind1="0" ind2=" ">
            <subfield code="a">FTS</subfield>
            <subfield code="b">SFTMP</subfield>
            <subfield code="c">GEN</subfield>
            <subfield code="h">DC236</subfield>
            <subfield code="i">.W5</subfield>
        </datafield>
        <datafield tag="852" ind1="0" ind2=" ">
            <subfield code="a">FTaSU</subfield>
            <subfield code="b">FSUSP</subfield>
            <subfield code="c">NAP</subfield>
            <subfield code="h">DC236</subfield>
            <subfield code="i">.W75 1964</subfield>
        </datafield>
        <datafield tag="852" ind1="0" ind2=" ">
            <subfield code="a">FBoU</subfield>
            <subfield code="b">FABOC</subfield>
            <subfield code="c">GEN</subfield>
            <subfield code="h">DC236</subfield>
            <subfield code="i">.W75 1964</subfield>
        </datafield>
        <datafield tag="852" ind1="0" ind2=" ">
            <subfield code="a">FTS</subfield>
            <subfield code="b">SFTMP</subfield>
            <subfield code="c">GEN</subfield>
            <subfield code="h">DC236</subfield>
            <subfield code="i">.W5</subfield>
        </datafield>
        <datafield tag="852" ind1="0" ind2=" ">
            <subfield code="a">FTaSU</subfield>
            <subfield code="b">FSUSP</subfield>
            <subfield code="c">NAP</subfield>
            <subfield code="h">DC236</subfield>
            <subfield code="i">.W75 1964</subfield>
        </datafield>
        <datafield tag="951" ind1=" " ind2=" ">
            <subfield code="1">02</subfield>
            <subfield code="a">FAU01:000147622;</subfield>
            <subfield code="5">FBoU</subfield>
        </datafield>
        <datafield tag="951" ind1=" " ind2=" ">
            <subfield code="1">05</subfield>
            <subfield code="a">FSU01:000615947;</subfield>
            <subfield code="5">FTaSU</subfield>
        </datafield>
        <datafield tag="951" ind1=" " ind2=" ">
            <subfield code="1">10</subfield>
            <subfield code="a">SFU01:000224582;</subfield>
            <subfield code="5">FTS</subfield>
        </datafield>
        <datafield tag="999" ind1=" " ind2=" ">
            <subfield code="a">AAR7633001</subfield>
        </datafield>
        <datafield tag="999" ind1=" " ind2=" ">
            <subfield code="a">ABB0402001</subfield>
        </datafield>
        <datafield tag="999" ind1=" " ind2=" ">
            <subfield code="a">ACS4984001</subfield>
        </datafield>
    </record>