
    <record>
        <leader>01423nam a22003611 4500</leader>
        <controlfield tag="001">023791349</controlfield>
        <controlfield tag="004">FSABM0818001</controlfield>
        <controlfield tag="005">20120623051600.0</controlfield>
        <controlfield tag="008">771122s1918 fr acfg b 000|0dfre d</controlfield>
        <datafield tag="010" ind1=" " ind2=" ">
            <subfield code="a"> 19007723 </subfield>
        </datafield>
        <datafield tag="035" ind1=" " ind2=" ">
            <subfield code="a">(OCoLC)03436932</subfield>
        </datafield>
        <datafield tag="035" ind1=" " ind2=" ">
            <subfield code="a">(OCoLC)03436932</subfield>
        </datafield>
        <datafield tag="040" ind1=" " ind2=" ">
            <subfield code="c">CarP</subfield>
        </datafield>
        <datafield tag="050" ind1="0" ind2=" ">
            <subfield code="a">ML3628</subfield>
            <subfield code="b">.F42</subfield>
        </datafield>
        <datafield tag="090" ind1=" " ind2=" ">
            <subfield code="a">DC146.R74</subfield>
            <subfield code="b">F42</subfield>
        </datafield>
        <datafield tag="090" ind1=" " ind2=" ">
            <subfield code="a">ML3628</subfield>
            <subfield code="b">.F44</subfield>
        </datafield>
        <datafield tag="092" ind1=" " ind2=" ">
            <subfield code="a">944</subfield>
            <subfield code="b">F442m</subfield>
        </datafield>
        <datafield tag="100" ind1="1" ind2=" ">
            <subfield code="a">Fiaux, Louis,</subfield>
            <subfield code="d">1847-</subfield>
        </datafield>
        <datafield tag="245" ind1="1" ind2="3">
            <subfield code="a">La Marseillaise, son histoire dans l'histoire des Français depuis
                1792,</subfield>
            <subfield code="c">avec un portrait inédit de Rouget de Lisle, d'après Boilly, et dix
                gravures hors texte.</subfield>
        </datafield>
        <datafield tag="260" ind1=" " ind2=" ">
            <subfield code="a">Paris,</subfield>
            <subfield code="b">E. Fasquelle,</subfield>
            <subfield code="c">1918.</subfield>
        </datafield>
        <datafield tag="300" ind1=" " ind2=" ">
            <subfield code="a">vii, 428, [2] p.</subfield>
            <subfield code="b">front., illus. (facsim.: music) plates, ports.</subfield>
            <subfield code="c">26 cm.</subfield>
        </datafield>
        <datafield tag="504" ind1=" " ind2=" ">
            <subfield code="a">&quot;Sur la bibliographie et l'iconographie du present livre&quot;:
                p. [311]-322.</subfield>
        </datafield>
        <datafield tag="583" ind1="1" ind2=" ">
            <subfield code="5">flgafar</subfield>
            <subfield code="a">committed to retain</subfield>
            <subfield code="c">20140305</subfield>
            <subfield code="d">committed to retain permanently</subfield>
            <subfield code="f">FLARE</subfield>
            <subfield code="j">FSTO</subfield>
        </datafield>
        <datafield tag="583" ind1="1" ind2=" ">
            <subfield code="5">flgafar</subfield>
            <subfield code="a">condition reviewed</subfield>
            <subfield code="c">20140305</subfield>
            <subfield code="f">FLARE</subfield>
            <subfield code="j">FSTO</subfield>
        </datafield>
        <datafield tag="600" ind1="1" ind2="0">
            <subfield code="a">Rouget de Lisle, Claude Joseph,</subfield>
            <subfield code="d">1760-1836.</subfield>
            <subfield code="t">Marseillaise.</subfield>
        </datafield>
        <datafield tag="852" ind1="1" ind2=" ">
            <subfield code="a">FlGaFAR</subfield>
            <subfield code="b">FLARE</subfield>
            <subfield code="c">TRAY</subfield>
            <subfield code="h">944</subfield>
            <subfield code="i">F442m</subfield>
        </datafield>
        <datafield tag="852" ind1="0" ind2=" ">
            <subfield code="a">FTaSU</subfield>
            <subfield code="b">FSUSP</subfield>
            <subfield code="c">NAP</subfield>
            <subfield code="h">DC146.R74</subfield>
            <subfield code="i">F42</subfield>
        </datafield>
        <datafield tag="852" ind1="1" ind2=" ">
            <subfield code="a">FlGaFAR</subfield>
            <subfield code="b">FLARE</subfield>
            <subfield code="c">TRAY</subfield>
            <subfield code="h">944</subfield>
            <subfield code="i">F442m</subfield>
        </datafield>
        <datafield tag="852" ind1="1" ind2=" ">
            <subfield code="a">FU</subfield>
            <subfield code="b">UFSTO</subfield>
            <subfield code="c">UFFLR</subfield>
            <subfield code="h">944</subfield>
            <subfield code="i">F442m</subfield>
        </datafield>
        <datafield tag="852" ind1="0" ind2=" ">
            <subfield code="a">FTaSU</subfield>
            <subfield code="b">FSUSP</subfield>
            <subfield code="c">NAP</subfield>
            <subfield code="h">DC146.R74</subfield>
            <subfield code="i">F42</subfield>
        </datafield>
        <datafield tag="951" ind1=" " ind2=" ">
            <subfield code="1">05</subfield>
            <subfield code="a">FSU01:000340853;</subfield>
            <subfield code="5">FTaSU</subfield>
        </datafield>
        <datafield tag="951" ind1=" " ind2=" ">
            <subfield code="1">08</subfield>
            <subfield code="a">UFU01:000610977;</subfield>
            <subfield code="5">FU</subfield>
        </datafield>
        <datafield tag="999" ind1=" " ind2=" ">
            <subfield code="a">ABM0818001</subfield>
        </datafield>
    </record>