-->
<!--    <record>
        <leader>00791nam a2200241K 4500</leader>
        <controlfield tag="001">023878688</controlfield>
        <controlfield tag="004">FSAGE5275001</controlfield>
        <controlfield tag="005">20120623002400.0</controlfield>
        <controlfield tag="008">910401r19671850xx ab a 000|0 eng d</controlfield>
        <datafield tag="035" ind1=" " ind2=" ">
            <subfield code="a">(OCoLC)23359887</subfield>
        </datafield>
        <datafield tag="040" ind1=" " ind2=" ">
            <subfield code="a">FDA</subfield>
            <subfield code="c">FDA</subfield>
        </datafield>
        <datafield tag="099" ind1=" " ind2=" ">
            <subfield code="a">Film</subfield>
            <subfield code="a">2160</subfield>
        </datafield>
        <datafield tag="100" ind1="1" ind2=" ">
            <subfield code="a">Hay, Andrew Leith,</subfield>
            <subfield code="c">Sir,</subfield>
            <subfield code="d">1785-1862.</subfield>
        </datafield>
        <datafield tag="245" ind1="1" ind2="2">
            <subfield code="a">A narrative of the Peninsular War.</subfield>
        </datafield>
        <datafield tag="250" ind1=" " ind2=" ">
            <subfield code="a">4th ed.</subfield>
        </datafield>
        <datafield tag="260" ind1=" " ind2=" ">
            <subfield code="c">1850.</subfield>
        </datafield>
        <datafield tag="300" ind1=" " ind2=" ">
            <subfield code="a">451 pages</subfield>
            <subfield code="b">illus., fold. map.</subfield>
        </datafield>
        <datafield tag="533" ind1=" " ind2=" ">
            <subfield code="a">Microfilm.</subfield>
            <subfield code="b">Tallahasse, Florida :</subfield>
            <subfield code="c">Florida State University,</subfield>
            <subfield code="d">1967.</subfield>
            <subfield code="e">1 microfilm reel : negative ; 35 mm.</subfield>
            <subfield code="5">FTaSU</subfield>
        </datafield>
        <datafield tag="650" ind1=" " ind2="0">
            <subfield code="a">Peninsular War, 1807-1814</subfield>
            <subfield code="x">Personal narratives.</subfield>
        </datafield>
        <datafield tag="852" ind1="4" ind2=" ">
            <subfield code="a">FTaSU</subfield>
            <subfield code="b">FSULC</subfield>
            <subfield code="c">MICR</subfield>
            <subfield code="h">Film 2160</subfield>
        </datafield>
        <datafield tag="852" ind1="4" ind2=" ">
            <subfield code="a">FTaSU</subfield>
            <subfield code="b">FSULC</subfield>
            <subfield code="c">MICR</subfield>
            <subfield code="h">Film 2160</subfield>
        </datafield>
        <datafield tag="951" ind1=" " ind2=" ">
            <subfield code="1">05</subfield>
            <subfield code="a">FSU01:001111270;</subfield>
            <subfield code="5">FTaSU</subfield>
        </datafield>
        <datafield tag="999" ind1=" " ind2=" ">
            <subfield code="a">AGE5275001</subfield>
        </datafield>
    </record>