-->
<!--    <record>
        <leader>01304nam a2200277K 4500</leader>
        <controlfield tag="001">023881863</controlfield>
        <controlfield tag="004">FSAGE5366001</controlfield>
        <controlfield tag="005">20080115075748.0</controlfield>
        <controlfield tag="008">910404r 1811flub a 000|0 eng d</controlfield>
        <datafield tag="035" ind1=" " ind2=" ">
            <subfield code="a">(OCoLC)23375125</subfield>
        </datafield>
        <datafield tag="040" ind1=" " ind2=" ">
            <subfield code="a">FDA</subfield>
            <subfield code="c">FDA</subfield>
        </datafield>
        <datafield tag="099" ind1=" " ind2=" ">
            <subfield code="a">Film</subfield>
            <subfield code="a">1839</subfield>
        </datafield>
        <datafield tag="100" ind1="1" ind2=" ">
            <subfield code="a">Halliday, Andrew,</subfield>
            <subfield code="c">Sir,</subfield>
            <subfield code="d">1781-1839</subfield>
        </datafield>
        <datafield tag="245" ind1="1" ind2="0">
            <subfield code="a">Observations on the present state of the Portuguese army,</subfield>
            <subfield code="b">as organised by Lt.-General Sir William Carr Beresford,</subfield>
            <subfield code="c">with an account of the different military establishments and laws of
                Portugal, and a sketch of the campaigns of the last and present year, during which
                the Portuguese army was brought into the field against the enemy, for the first time
                as a regular force.</subfield>
        </datafield>
        <datafield tag="260" ind1=" " ind2=" ">
            <subfield code="c">1811.</subfield>
        </datafield>
        <datafield tag="300" ind1=" " ind2=" ">
            <subfield code="a">149 pages</subfield>
            <subfield code="b">maps.</subfield>
        </datafield>
        <datafield tag="500" ind1=" " ind2=" ">
            <subfield code="a">Each map accompanied by leaf with descriptive text.</subfield>
            <subfield code="5">FTaSU</subfield>
        </datafield>
        <datafield tag="533" ind1=" " ind2=" ">
            <subfield code="a">Microfilm.</subfield>
            <subfield code="b">Tallahassee, Florida :</subfield>
            <subfield code="c">Florida State University, Strozier Library,</subfield>
            <subfield code="d">n.d.</subfield>
            <subfield code="e">1 microfilm reel : negative ; 35 mm.</subfield>
            <subfield code="5">FTaSU</subfield>
        </datafield>
        <datafield tag="610" ind1="1" ind2="0">
            <subfield code="a">Portugal.</subfield>
            <subfield code="b">Exército.</subfield>
        </datafield>
        <datafield tag="650" ind1=" " ind2="0">
            <subfield code="a">Peninsular War, 1807-1814.</subfield>
        </datafield>
        <datafield tag="650" ind1=" " ind2="0">
            <subfield code="a">Military law</subfield>
            <subfield code="z">Portugal.</subfield>
        </datafield>
        <datafield tag="600" ind1="1" ind2="0">
            <subfield code="a">Beresford, William Carr,</subfield>
            <subfield code="c">Viscount,</subfield>
            <subfield code="d">1768-1854.</subfield>
        </datafield>
        <datafield tag="852" ind1="4" ind2=" ">
            <subfield code="a">FTaSU</subfield>
            <subfield code="b">FSULC</subfield>
            <subfield code="c">MICR</subfield>
            <subfield code="h">Film 1839</subfield>
        </datafield>
        <datafield tag="852" ind1="4" ind2=" ">
            <subfield code="a">FTaSU</subfield>
            <subfield code="b">FSULC</subfield>
            <subfield code="c">MICR</subfield>
            <subfield code="h">Film 1839</subfield>
        </datafield>
        <datafield tag="951" ind1=" " ind2=" ">
            <subfield code="1">05</subfield>
            <subfield code="a">FSU01:001111359;</subfield>
            <subfield code="5">FTaSU</subfield>
        </datafield>
        <datafield tag="999" ind1=" " ind2=" ">
            <subfield code="a">AGE5366001</subfield>
        </datafield>
    </record>