-->
    <record>
        <leader>00833nam a2200277I 4500</leader>
        <controlfield tag="001">023903317</controlfield>
        <controlfield tag="004">FSACS1880001</controlfield>
        <controlfield tag="005">20120623003800.0</controlfield>
        <controlfield tag="008">731129s1928 fr 000|0 fre </controlfield>
        <datafield tag="010" ind1=" " ind2=" ">
            <subfield code="a"> 28017686 </subfield>
        </datafield>
        <datafield tag="035" ind1=" " ind2=" ">
            <subfield code="a">(OCoLC)00751870</subfield>
        </datafield>
        <datafield tag="040" ind1=" " ind2=" ">
            <subfield code="c">BOS</subfield>
            <subfield code="d">FHM</subfield>
        </datafield>
        <datafield tag="050" ind1=" " ind2=" ">
            <subfield code="a">DC148</subfield>
            <subfield code="b">.G33</subfield>
        </datafield>
        <datafield tag="090" ind1=" " ind2=" ">
            <subfield code="a">DC148</subfield>
            <subfield code="b">.G33</subfield>
        </datafield>
        <datafield tag="092" ind1=" " ind2=" ">
            <subfield code="a">944.04</subfield>
            <subfield code="b">G284r</subfield>
        </datafield>
        <datafield tag="100" ind1="1" ind2=" ">
            <subfield code="a">Gaxotte, Pierre.</subfield>
        </datafield>
        <datafield tag="245" ind1="1" ind2="3">
            <subfield code="a">La révolution française.</subfield>
        </datafield>
        <datafield tag="260" ind1=" " ind2=" ">
            <subfield code="a">Paris,</subfield>
            <subfield code="b">A. Fayard &amp; cie</subfield>
            <subfield code="c">[c1928]</subfield>
        </datafield>
        <datafield tag="300" ind1=" " ind2=" ">
            <subfield code="a">2 p. l., [7]-447, [1] p.</subfield>
            <subfield code="c">19 cm.</subfield>
        </datafield>
        <datafield tag="490" ind1="0" ind2=" ">
            <subfield code="a">Les grandes études historiques</subfield>
            <subfield code="5">FTS</subfield>
            <subfield code="5">FTaSU</subfield>
        </datafield>
        <datafield tag="651" ind1=" " ind2="0">
            <subfield code="a">France</subfield>
            <subfield code="x">History</subfield>
            <subfield code="y">Revolution, 1789-1799</subfield>
        </datafield>
        <datafield tag="852" ind1="0" ind2=" ">
            <subfield code="a">FTaSU</subfield>
            <subfield code="b">FSRS2</subfield>
            <subfield code="c">GEN</subfield>
            <subfield code="h">DC148</subfield>
            <subfield code="i">.G39 1928</subfield>
        </datafield>
        <datafield tag="852" ind1="0" ind2=" ">
            <subfield code="a">FTaSU</subfield>
            <subfield code="b">FSRS2</subfield>
            <subfield code="c">GEN</subfield>
            <subfield code="h">DC148</subfield>
            <subfield code="i">.G39 1928</subfield>
        </datafield>
        <datafield tag="951" ind1=" " ind2=" ">
            <subfield code="1">05</subfield>
            <subfield code="a">FSU01:000612981;</subfield>
            <subfield code="5">FTaSU</subfield>
        </datafield>
        <datafield tag="951" ind1=" " ind2=" ">
            <subfield code="1">10</subfield>
            <subfield code="a">SFU01:000157813;</subfield>
            <subfield code="5">FTS</subfield>
        </datafield>
        <datafield tag="999" ind1=" " ind2=" ">
            <subfield code="a">ACS1880001</subfield>
        </datafield>
    </record>