
<!--    <record>
        <leader>00964cam a22002651 4500</leader>
        <controlfield tag="001">023983276</controlfield>
        <controlfield tag="004">FSAGE9715001</controlfield>
        <controlfield tag="005">20120623002800.0</controlfield>
        <controlfield tag="008">810916s1913 fr c a 000|0afre </controlfield>
        <datafield tag="010" ind1=" " ind2=" ">
            <subfield code="a"> 13009149 </subfield>
        </datafield>
        <datafield tag="035" ind1=" " ind2=" ">
            <subfield code="a">(OCoLC)22236138</subfield>
        </datafield>
        <datafield tag="040" ind1=" " ind2=" ">
            <subfield code="a">YUS</subfield>
            <subfield code="c">YUS</subfield>
        </datafield>
        <datafield tag="050" ind1="0" ind2=" ">
            <subfield code="a">DC231</subfield>
            <subfield code="b">.M4</subfield>
        </datafield>
        <datafield tag="099" ind1=" " ind2=" ">
            <subfield code="a">Film</subfield>
            <subfield code="a">2644</subfield>
        </datafield>
        <datafield tag="100" ind1="1" ind2=" ">
            <subfield code="a">Marcel, Nicolas,</subfield>
            <subfield code="d">1786-1845.</subfield>
        </datafield>
        <datafield tag="245" ind1="1" ind2="0">
            <subfield code="a">Campagnes du capitaine Marcel</subfield>
            <subfield code="h">microform</subfield>
            <subfield code="b">du 69e de ligne en Espagne et en Portugal (1808-1814) mises en
                ordre,</subfield>
            <subfield code="c">annotés et pugliés par le commandant Var. Avec un
                portrait.</subfield>
        </datafield>
        <datafield tag="260" ind1=" " ind2=" ">
            <subfield code="a">Paris,</subfield>
            <subfield code="b">Plon-Nourrit et cie,</subfield>
            <subfield code="c">1913.</subfield>
        </datafield>
        <datafield tag="300" ind1=" " ind2=" ">
            <subfield code="a">xi, 265 p.</subfield>
            <subfield code="b">front. (port.)</subfield>
            <subfield code="c">19 cm.</subfield>
        </datafield>
        <datafield tag="500" ind1=" " ind2=" ">
            <subfield code="a">Microfilm (negative)</subfield>
            <subfield code="5">FTaSU</subfield>
        </datafield>
        <datafield tag="650" ind1=" " ind2="0">
            <subfield code="a">Peninsular war, 1807-1814</subfield>
            <subfield code="x">Personal narratives.</subfield>
        </datafield>
        <datafield tag="700" ind1="1" ind2=" ">
            <subfield code="a">Var, Louis Marie Antoine Vincent,</subfield>
            <subfield code="d">1864-</subfield>
        </datafield>
        <datafield tag="852" ind1="4" ind2=" ">
            <subfield code="a">FTaSU</subfield>
            <subfield code="b">FSULC</subfield>
            <subfield code="c">MICR</subfield>
            <subfield code="h">Film</subfield>
            <subfield code="i">2644</subfield>
        </datafield>
        <datafield tag="852" ind1="4" ind2=" ">
            <subfield code="a">FTaSU</subfield>
            <subfield code="b">FSULC</subfield>
            <subfield code="c">MICR</subfield>
            <subfield code="h">Film</subfield>
            <subfield code="i">2644</subfield>
        </datafield>
        <datafield tag="951" ind1=" " ind2=" ">
            <subfield code="1">05</subfield>
            <subfield code="a">FSU01:001114453;</subfield>
            <subfield code="5">FTaSU</subfield>
        </datafield>
        <datafield tag="999" ind1=" " ind2=" ">
            <subfield code="a">AGE9715001</subfield>
        </datafield>
    </record>