-->
    <record>
        <leader>00654cam a2200217Ii 4500</leader>
        <controlfield tag="001">024044791</controlfield>
        <controlfield tag="004">FSAGF2425001</controlfield>
        <controlfield tag="005">20120623003000.0</controlfield>
        <controlfield tag="008">780110s1909 fr 000|0bfre d</controlfield>
        <datafield tag="035" ind1=" " ind2=" ">
            <subfield code="a">(OCoLC)03549343</subfield>
        </datafield>
        <datafield tag="040" ind1=" " ind2=" ">
            <subfield code="a">YWM</subfield>
            <subfield code="c">YWM</subfield>
        </datafield>
        <datafield tag="090" ind1=" " ind2=" ">
            <subfield code="a">DC146.M8</subfield>
            <subfield code="b">D3</subfield>
        </datafield>
        <datafield tag="100" ind1="1" ind2=" ">
            <subfield code="a">Daudet, Ernest,</subfield>
            <subfield code="d">1837-1921.</subfield>
        </datafield>
        <datafield tag="245" ind1="1" ind2="2">
            <subfield code="a">L'exil et la mort du général Moreau /</subfield>
            <subfield code="c">Ernest Daudet.</subfield>
        </datafield>
        <datafield tag="260" ind1=" " ind2=" ">
            <subfield code="a">Paris :</subfield>
            <subfield code="b">Hachette,</subfield>
            <subfield code="c">1909.</subfield>
        </datafield>
        <datafield tag="300" ind1=" " ind2=" ">
            <subfield code="a">267 p. ;</subfield>
            <subfield code="c">19 cm.</subfield>
        </datafield>
        <datafield tag="600" ind1="1" ind2="0">
            <subfield code="a">Moreau, Jean Victor Marie,</subfield>
            <subfield code="d">1763-1818.</subfield>
        </datafield>
        <datafield tag="852" ind1="0" ind2=" ">
            <subfield code="a">FTaSU</subfield>
            <subfield code="b">FSUSP</subfield>
            <subfield code="c">NAP</subfield>
            <subfield code="h">DC146.M8</subfield>
            <subfield code="i">D3</subfield>
        </datafield>
        <datafield tag="852" ind1="0" ind2=" ">
            <subfield code="a">FTaSU</subfield>
            <subfield code="b">FSUSP</subfield>
            <subfield code="c">NAP</subfield>
            <subfield code="h">DC146.M8</subfield>
            <subfield code="i">D3</subfield>
        </datafield>
        <datafield tag="951" ind1=" " ind2=" ">
            <subfield code="1">05</subfield>
            <subfield code="a">FSU01:001116288;</subfield>
            <subfield code="5">FTaSU</subfield>
        </datafield>
        <datafield tag="999" ind1=" " ind2=" ">
            <subfield code="a">AGF2425001</subfield>
        </datafield>
    </record>