
<!--    <record>
        <leader>01164cam a2200277 4500</leader>
        <controlfield tag="001">024090738</controlfield>
        <controlfield tag="004">FSAGF4054001</controlfield>
        <controlfield tag="005">20100201111459.0</controlfield>
        <controlfield tag="008">810119r19711907enkabe r 000|0 eng d</controlfield>
        <datafield tag="035" ind1=" " ind2=" ">
            <subfield code="a">(OCoLC)22729273</subfield>
        </datafield>
        <datafield tag="040" ind1=" " ind2=" ">
            <subfield code="a">YUS</subfield>
            <subfield code="c">YUS</subfield>
            <subfield code="d">m.c.</subfield>
        </datafield>
        <datafield tag="092" ind1=" " ind2=" ">
            <subfield code="a">Film</subfield>
            <subfield code="a">1518</subfield>
        </datafield>
        <datafield tag="100" ind1="1" ind2=" ">
            <subfield code="a">Robinson, C. W.</subfield>
            <subfield code="q">(Charles Walker),</subfield>
            <subfield code="d">1836-1924.</subfield>
        </datafield>
        <datafield tag="245" ind1="1" ind2="0">
            <subfield code="a">Wellington's campaigns, Peninsula-Waterloo, 1808-15</subfield>
            <subfield code="h">microfilm</subfield>
            <subfield code="b">also Moore's campaign of Corunna (for military students),</subfield>
            <subfield code="c">by C.W. Robinson.</subfield>
        </datafield>
        <datafield tag="260" ind1=" " ind2=" ">
            <subfield code="c">1907.</subfield>
        </datafield>
        <datafield tag="300" ind1=" " ind2=" ">
            <subfield code="a">743 pages</subfield>
            <subfield code="b">illus.</subfield>
            <subfield code="c">22 cm.</subfield>
        </datafield>
        <datafield tag="533" ind1=" " ind2=" ">
            <subfield code="a">Microfilm.</subfield>
            <subfield code="b">Tallahassee, Florida :</subfield>
            <subfield code="c">Florida State University, Strozier Library,</subfield>
            <subfield code="d">1971?</subfield>
            <subfield code="e">1 microfilm reel : negative ; 35 mm.</subfield>
            <subfield code="5">FTaSU</subfield>
        </datafield>
        <datafield tag="650" ind1=" " ind2="0">
            <subfield code="a">Peninsular War, 1807-1814.</subfield>
        </datafield>
        <datafield tag="600" ind1="0" ind2="0">
            <subfield code="a">Napoleon</subfield>
            <subfield code="b">I,</subfield>
            <subfield code="c">Emperor of the French,</subfield>
            <subfield code="d">1769-1821</subfield>
            <subfield code="x">Elba and the Hundred Days, 1814-1815.</subfield>
        </datafield>
        <datafield tag="650" ind1=" " ind2="0">
            <subfield code="a">Waterloo, Battle of, Waterloo, Belgium, 1815</subfield>
        </datafield>
        <datafield tag="600" ind1="1" ind2="0">
            <subfield code="a">Wellington, Arthur Wellesley,</subfield>
            <subfield code="c">Duke of,</subfield>
            <subfield code="d">1769-1852.</subfield>
        </datafield>
        <datafield tag="600" ind1="1" ind2="0">
            <subfield code="a">Moore, John,</subfield>
            <subfield code="c">Sir,</subfield>
            <subfield code="d">1761-1809.</subfield>
        </datafield>
        <datafield tag="852" ind1="4" ind2=" ">
            <subfield code="a">FTaSU</subfield>
            <subfield code="b">FSULC</subfield>
            <subfield code="c">MICR</subfield>
            <subfield code="h">Film</subfield>
            <subfield code="i">1518</subfield>
        </datafield>
        <datafield tag="852" ind1="4" ind2=" ">
            <subfield code="a">FTaSU</subfield>
            <subfield code="b">FSULC</subfield>
            <subfield code="c">MICR</subfield>
            <subfield code="h">Film</subfield>
            <subfield code="i">1518</subfield>
        </datafield>
        <datafield tag="951" ind1=" " ind2=" ">
            <subfield code="1">05</subfield>
            <subfield code="a">FSU01:001117806;</subfield>
            <subfield code="5">FTaSU</subfield>
        </datafield>
        <datafield tag="999" ind1=" " ind2=" ">
            <subfield code="a">AGF4054001</subfield>
        </datafield>
    </record>