
    <record>
        <leader>00874nam a2200241Ia 4500</leader>
        <controlfield tag="001">024114823</controlfield>
        <controlfield tag="004">FSAGF5887001</controlfield>
        <controlfield tag="005">20120623003200.0</controlfield>
        <controlfield tag="008">831114s1817 fr 000|0 fre d</controlfield>
        <datafield tag="035" ind1=" " ind2=" ">
            <subfield code="a">(OCoLC)10126017</subfield>
        </datafield>
        <datafield tag="040" ind1=" " ind2=" ">
            <subfield code="a">IAC</subfield>
            <subfield code="c">IAC</subfield>
        </datafield>
        <datafield tag="090" ind1=" " ind2=" ">
            <subfield code="a">DC235.5.M8</subfield>
            <subfield code="b">F9 1817</subfield>
        </datafield>
        <datafield tag="092" ind1=" " ind2=" ">
            <subfield code="a">940.27</subfield>
            <subfield code="b">F993i2</subfield>
        </datafield>
        <datafield tag="100" ind1="1" ind2=" ">
            <subfield code="a">Fusil, Louise,</subfield>
            <subfield code="d">1774-1848.</subfield>
        </datafield>
        <datafield tag="245" ind1="1" ind2="2">
            <subfield code="a">L'incendie de Moscou,</subfield>
            <subfield code="b">la petite orpheline de Wilna, passage de la Bérésina et retraite de
                Napoléon jusqu'a Wilna /</subfield>
            <subfield code="c">Par Madame Fusil, témoin oculare.</subfield>
        </datafield>
        <datafield tag="250" ind1=" " ind2=" ">
            <subfield code="a">2e édition ... augmentée</subfield>
        </datafield>
        <datafield tag="260" ind1=" " ind2=" ">
            <subfield code="a">A Paris :</subfield>
            <subfield code="b">chez Pillet ...,</subfield>
            <subfield code="c">1817.</subfield>
        </datafield>
        <datafield tag="300" ind1=" " ind2=" ">
            <subfield code="a">[6] p., v, 96 p. ;</subfield>
            <subfield code="c">22 cm.</subfield>
        </datafield>
        <datafield tag="650" ind1=" " ind2="0">
            <subfield code="a">Napoleonic Wars, 1800-1815</subfield>
            <subfield code="x">Campaigns</subfield>
            <subfield code="z">Russia.</subfield>
        </datafield>
        <datafield tag="852" ind1="0" ind2=" ">
            <subfield code="a">FTaSU</subfield>
            <subfield code="b">FSUSP</subfield>
            <subfield code="c">NAP</subfield>
            <subfield code="h">DC235.5.M8</subfield>
            <subfield code="i">F9 1817</subfield>
        </datafield>
        <datafield tag="852" ind1="0" ind2=" ">
            <subfield code="a">FTaSU</subfield>
            <subfield code="b">FSUSP</subfield>
            <subfield code="c">NAP</subfield>
            <subfield code="h">DC235.5.M8</subfield>
            <subfield code="i">F9 1817</subfield>
        </datafield>
        <datafield tag="951" ind1=" " ind2=" ">
            <subfield code="1">05</subfield>
            <subfield code="a">FSU01:001118505;</subfield>
            <subfield code="5">FTaSU</subfield>
        </datafield>
        <datafield tag="999" ind1=" " ind2=" ">
            <subfield code="a">AGF5887001</subfield>
        </datafield>
    </record>