
    <record>
        <leader>02062nam a22004931 4500</leader>
        <controlfield tag="001">024228436</controlfield>
        <controlfield tag="004">UFADF3738001</controlfield>
        <controlfield tag="005">20120623004100.0</controlfield>
        <controlfield tag="008">821204s1927 nyucfh 000|0aeng </controlfield>
        <datafield tag="010" ind1=" " ind2=" ">
            <subfield code="a"> 27021262 </subfield>
        </datafield>
        <datafield tag="035" ind1=" " ind2=" ">
            <subfield code="a">(OCoLC)01675917</subfield>
        </datafield>
        <datafield tag="040" ind1=" " ind2=" ">
            <subfield code="c">CarP</subfield>
        </datafield>
        <datafield tag="041" ind1="1" ind2=" ">
            <subfield code="a">engfre</subfield>
        </datafield>
        <datafield tag="043" ind1=" " ind2=" ">
            <subfield code="a">e-fr---</subfield>
        </datafield>
        <datafield tag="050" ind1="0" ind2=" ">
            <subfield code="a">DC216.4</subfield>
            <subfield code="b">.A35 1927</subfield>
        </datafield>
        <datafield tag="099" ind1=" " ind2=" ">
            <subfield code="a">B</subfield>
            <subfield code="a">H822h1</subfield>
        </datafield>
        <datafield tag="100" ind1="0" ind2=" ">
            <subfield code="a">Hortense,</subfield>
            <subfield code="c">Queen, consort of Louis Bonaparte, King of Holland,</subfield>
            <subfield code="d">1783-1837.</subfield>
        </datafield>
        <datafield tag="240" ind1="1" ind2="0">
            <subfield code="a">Memoires de la reine Hortense.</subfield>
            <subfield code="l">English.</subfield>
        </datafield>
        <datafield tag="245" ind1="0" ind2="4">
            <subfield code="a">The memoirs of Queen Hortense;</subfield>
        </datafield>
        <datafield tag="260" ind1=" " ind2=" ">
            <subfield code="a">New York,</subfield>
            <subfield code="b">Cosmopolitan book corporation,</subfield>
            <subfield code="c">1927.</subfield>
        </datafield>
        <datafield tag="300" ind1=" " ind2=" ">
            <subfield code="a">2 v.</subfield>
            <subfield code="b">front., plates (1 double) ports., facsims.</subfield>
            <subfield code="c">24 cm.</subfield>
        </datafield>
        <datafield tag="500" ind1=" " ind2=" ">
            <subfield code="a">Appendix: Unpublished letters written by Napoleon I to Queen Hortense
                from June 10, 1796 to June 10, 1815: v.2, p.341-374.</subfield>
            <subfield code="5">FTaSU</subfield>
        </datafield>
        <datafield tag="590" ind1=" " ind2=" ">
            <subfield code="a">Bookplate of: Ex Libris Sydney Hamilton Diamond.</subfield>
            <subfield code="5">FTaSU</subfield>
        </datafield>
        <datafield tag="590" ind1=" " ind2=" ">
            <subfield code="a">Gift of Miss Ruby Diamond.</subfield>
            <subfield code="5">FTaSU</subfield>
        </datafield>
        <datafield tag="600" ind1="0" ind2="0">
            <subfield code="a">Hortense,</subfield>
            <subfield code="c">Queen, consort of Louis Bonaparte, King of Holland,</subfield>
            <subfield code="d">1783-1837.</subfield>
        </datafield>
        <datafield tag="600" ind1="0" ind2="0">
            <subfield code="a">Napoleon</subfield>
            <subfield code="b">I,</subfield>
            <subfield code="c">Emperor of the French,</subfield>
            <subfield code="d">1769-1821.</subfield>
        </datafield>
        <datafield tag="600" ind1="3" ind2="0">
            <subfield code="a">Bonaparte family.</subfield>
        </datafield>
        <datafield tag="651" ind1=" " ind2="0">
            <subfield code="a">France</subfield>
            <subfield code="x">History</subfield>
            <subfield code="y">1789-1815.</subfield>
        </datafield>
        <datafield tag="700" ind1="1" ind2=" ">
            <subfield code="a">Griggs, Arthur Kingsland,</subfield>
            <subfield code="e">tr.</subfield>
        </datafield>
        <datafield tag="700" ind1="1" ind2=" ">
            <subfield code="a">Hanoteau, Jean Adolphe,</subfield>
            <subfield code="d">1869-1939</subfield>
            <subfield code="e">ed.</subfield>
        </datafield>
        <datafield tag="700" ind1="1" ind2=" ">
            <subfield code="a">Napoléon Victor Jérôme Frédéric Bonaparte,</subfield>
            <subfield code="c">prince,</subfield>
            <subfield code="d">1862-1926,</subfield>
            <subfield code="e">ed.</subfield>
        </datafield>
        <datafield tag="700" ind1="1" ind2=" ">
            <subfield code="a">Napoléon, Victor Jérome Frédéric Bonaparte,</subfield>
            <subfield code="c">prince,</subfield>
            <subfield code="d">1862-1926.</subfield>
        </datafield>
        <datafield tag="700" ind1="1" ind2=" ">
            <subfield code="a">Hanoteau, Jean Adolphe,</subfield>
            <subfield code="d">1869-1939.</subfield>
        </datafield>
        <datafield tag="700" ind1="1" ind2=" ">
            <subfield code="a">Griggs, Arthur Kingsland,</subfield>
            <subfield code="d">1891-1934.</subfield>
        </datafield>
        <datafield tag="852" ind1="0" ind2=" ">
            <subfield code="a">FU</subfield>
            <subfield code="b">UFSWE</subfield>
            <subfield code="c">GEN</subfield>
            <subfield code="h">DC216.4</subfield>
            <subfield code="i">.A35 1927</subfield>
        </datafield>
        <datafield tag="866" ind1="3" ind2="1">
            <subfield code="b">UF LIBRARY WEST</subfield>
            <subfield code="h">DC216.4</subfield>
            <subfield code="i">.A35 1927</subfield>
            <subfield code="8">0</subfield>
            <subfield code="a">v.2</subfield>
        </datafield>
        <datafield tag="852" ind1="0" ind2=" ">
            <subfield code="a">FTaSU</subfield>
            <subfield code="b">FSUSP</subfield>
            <subfield code="c">NAP</subfield>
            <subfield code="h">DC216.4</subfield>
            <subfield code="i">.A35 1927</subfield>
            <subfield code="x">vf</subfield>
        </datafield>
        <datafield tag="866" ind1="3" ind2="1">
            <subfield code="b">FSU STROZIER, Special Coll</subfield>
            <subfield code="c">Napoleon</subfield>
            <subfield code="h">DC216.4</subfield>
            <subfield code="i">.A35 1927</subfield>
            <subfield code="a">v. 1-2</subfield>
        </datafield>
        <datafield tag="852" ind1="0" ind2=" ">
            <subfield code="a">FU</subfield>
            <subfield code="b">UFSWE</subfield>
            <subfield code="c">GEN</subfield>
            <subfield code="h">DC216.4</subfield>
            <subfield code="i">.A35 1927</subfield>
        </datafield>
        <datafield tag="852" ind1="0" ind2=" ">
            <subfield code="a">FTaSU</subfield>
            <subfield code="b">FSUSP</subfield>
            <subfield code="c">NAP</subfield>
            <subfield code="h">DC216.4</subfield>
            <subfield code="i">.A35 1927</subfield>
            <subfield code="x">vf</subfield>
        </datafield>
        <datafield tag="951" ind1=" " ind2=" ">
            <subfield code="1">05</subfield>
            <subfield code="a">FSU01:000616666;</subfield>
            <subfield code="5">FTaSU</subfield>
        </datafield>
        <datafield tag="951" ind1=" " ind2=" ">
            <subfield code="1">08</subfield>
            <subfield code="a">UFU01:000624317;</subfield>
            <subfield code="5">FU</subfield>
        </datafield>
        <datafield tag="999" ind1=" " ind2=" ">
            <subfield code="a">ADF3738001</subfield>
        </datafield>
        <datafield tag="999" ind1=" " ind2=" ">
            <subfield code="a">ACS5732001</subfield>
        </datafield>
    </record>