
    <record>
        <leader>01332cam a2200361I 4500</leader>
        <controlfield tag="001">024263178</controlfield>
        <controlfield tag="004">FSAAW6795001</controlfield>
        <controlfield tag="005">20120623020500.0</controlfield>
        <controlfield tag="008">750410s1964 fr h b 000|0 fre d</controlfield>
        <datafield tag="035" ind1=" " ind2=" ">
            <subfield code="a">(OCoLC)01266398</subfield>
        </datafield>
        <datafield tag="040" ind1=" " ind2=" ">
            <subfield code="a">CWR</subfield>
            <subfield code="c">CWR</subfield>
            <subfield code="d">OCL</subfield>
            <subfield code="d">SER</subfield>
        </datafield>
        <datafield tag="090" ind1=" " ind2=" ">
            <subfield code="a">PN5190.J68</subfield>
            <subfield code="b">G47</subfield>
        </datafield>
        <datafield tag="090" ind1=" " ind2=" ">
            <subfield code="a">DC140.5</subfield>
            <subfield code="b">.J67</subfield>
        </datafield>
        <datafield tag="099" ind1=" " ind2=" ">
            <subfield code="a">074.91</subfield>
            <subfield code="a">G357j</subfield>
        </datafield>
        <datafield tag="100" ind1="1" ind2=" ">
            <subfield code="a">Gérard, René.</subfield>
        </datafield>
        <datafield tag="245" ind1="1" ind2="3">
            <subfield code="a">Un journal de province sous la Révolution:</subfield>
            <subfield code="b">le &quot;Journal de Marseille&quot; de Ferréol Beaugeard
                (1781-1797)</subfield>
            <subfield code="c">Préf. de Jacques Godechot.</subfield>
        </datafield>
        <datafield tag="260" ind1=" " ind2=" ">
            <subfield code="a">Paris,</subfield>
            <subfield code="b">Société des études robespierristes</subfield>
            <subfield code="c">[1964]</subfield>
        </datafield>
        <datafield tag="300" ind1=" " ind2=" ">
            <subfield code="a">307 p.</subfield>
            <subfield code="b">facsims.</subfield>
            <subfield code="c">24 cm.</subfield>
        </datafield>
        <datafield tag="440" ind1=" " ind2="0">
            <subfield code="a">Bibliothèque d'histoire revolutionnaire,</subfield>
            <subfield code="v">3e. sér., no. 3</subfield>
            <subfield code="5">FU</subfield>
        </datafield>
        <datafield tag="440" ind1=" " ind2="0">
            <subfield code="a">Bibliothèque d'histoire révolutionnaire ;</subfield>
            <subfield code="v">3e sér., no 3</subfield>
            <subfield code="5">FTaSU</subfield>
        </datafield>
        <datafield tag="504" ind1=" " ind2=" ">
            <subfield code="a">Bibliography: p. [295]-296.</subfield>
        </datafield>
        <datafield tag="600" ind1="1" ind2="0">
            <subfield code="a">Beaugeard, Ferreól.</subfield>
        </datafield>
        <datafield tag="630" ind1="0" ind2="0">
            <subfield code="a">Journal de Marseille.</subfield>
        </datafield>
        <datafield tag="651" ind1=" " ind2="0">
            <subfield code="a">Marseille (France)</subfield>
            <subfield code="x">History.</subfield>
        </datafield>
        <datafield tag="651" ind1=" " ind2="0">
            <subfield code="a">France</subfield>
            <subfield code="x">History</subfield>
            <subfield code="y">Revolution, 1789-1799</subfield>
            <subfield code="x">Periodicals.</subfield>
        </datafield>
        <datafield tag="852" ind1="0" ind2=" ">
            <subfield code="a">FTaSU</subfield>
            <subfield code="b">FSULC</subfield>
            <subfield code="c">SUB</subfield>
            <subfield code="h">DC140.5</subfield>
            <subfield code="i">.J67</subfield>
        </datafield>
        <datafield tag="852" ind1="1" ind2=" ">
            <subfield code="a">FU</subfield>
            <subfield code="b">UFSTO</subfield>
            <subfield code="c">AUX</subfield>
            <subfield code="h">074.91</subfield>
            <subfield code="i">G357j</subfield>
        </datafield>
        <datafield tag="852" ind1="0" ind2=" ">
            <subfield code="a">FTaSU</subfield>
            <subfield code="b">FSULC</subfield>
            <subfield code="c">SUB</subfield>
            <subfield code="h">DC140.5</subfield>
            <subfield code="i">.J67</subfield>
        </datafield>
        <datafield tag="852" ind1="1" ind2=" ">
            <subfield code="a">FU</subfield>
            <subfield code="b">UFSTO</subfield>
            <subfield code="c">AUX</subfield>
            <subfield code="h">074.91</subfield>
            <subfield code="i">G357j</subfield>
        </datafield>
        <datafield tag="951" ind1=" " ind2=" ">
            <subfield code="1">05</subfield>
            <subfield code="a">FSU01:000201161;</subfield>
            <subfield code="5">FTaSU</subfield>
        </datafield>
        <datafield tag="951" ind1=" " ind2=" ">
            <subfield code="1">08</subfield>
            <subfield code="a">UFU01:001612911;</subfield>
            <subfield code="5">FU</subfield>
        </datafield>
        <datafield tag="999" ind1=" " ind2=" ">
            <subfield code="a">AAW6795001</subfield>
        </datafield>
        <datafield tag="999" ind1=" " ind2=" ">
            <subfield code="a">AHN7312001</subfield>
        </datafield>
    </record>