
    <record>
        <leader>00913nam a2200229I 4500</leader>
        <controlfield tag="001">024268166</controlfield>
        <controlfield tag="004">FSACS0949001</controlfield>
        <controlfield tag="005">20120623003700.0</controlfield>
        <controlfield tag="008">721201|1914||||||| |||||||eng|u</controlfield>
        <datafield tag="010" ind1=" " ind2=" ">
            <subfield code="a"> 14016579 </subfield>
        </datafield>
        <datafield tag="035" ind1=" " ind2=" ">
            <subfield code="a">(OCoLC)00505005</subfield>
        </datafield>
        <datafield tag="040" ind1=" " ind2=" ">
            <subfield code="c">KSU</subfield>
            <subfield code="d">m.c.</subfield>
        </datafield>
        <datafield tag="050" ind1=" " ind2=" ">
            <subfield code="a">DC216.87</subfield>
            <subfield code="b">.F6 1914</subfield>
        </datafield>
        <datafield tag="100" ind1="1" ind2=" ">
            <subfield code="a">Fleischmann, Hector,</subfield>
            <subfield code="d">1882-1914.</subfield>
        </datafield>
        <datafield tag="245" ind1="0" ind2="0">
            <subfield code="a">Pauline Bonaparte and her lovers,</subfield>
            <subfield code="b">as revealed by contemporary witnesses, by her own love-letters and by
                the anti-Napoleonic pamphleteers,</subfield>
            <subfield code="c">by Hector Fleischmann. Authorized translation, with sixteen
                illustrations.</subfield>
        </datafield>
        <datafield tag="260" ind1=" " ind2=" ">
            <subfield code="a">London,</subfield>
            <subfield code="b">John Lane;</subfield>
            <subfield code="a">New York,</subfield>
            <subfield code="b">John Lane company; [etc., etc.]</subfield>
            <subfield code="c">1914.</subfield>
        </datafield>
        <datafield tag="300" ind1=" " ind2=" ">
            <subfield code="a">xi, 256 p.</subfield>
            <subfield code="b">illus.</subfield>
            <subfield code="c">23 cm.</subfield>
        </datafield>
        <datafield tag="600" ind1="1" ind2="0">
            <subfield code="a">Bonaparte, Paolina,</subfield>
            <subfield code="d">1780-1825</subfield>
        </datafield>
        <datafield tag="852" ind1="0" ind2=" ">
            <subfield code="a">FTaSU</subfield>
            <subfield code="b">FSUSP</subfield>
            <subfield code="c">NAP</subfield>
            <subfield code="h">DC216.87</subfield>
            <subfield code="i">.F6 1914</subfield>
        </datafield>
        <datafield tag="852" ind1="0" ind2=" ">
            <subfield code="a">FTaSU</subfield>
            <subfield code="b">FSUSP</subfield>
            <subfield code="c">NAP</subfield>
            <subfield code="h">DC216.87</subfield>
            <subfield code="i">.F6 1914</subfield>
        </datafield>
        <datafield tag="951" ind1=" " ind2=" ">
            <subfield code="1">05</subfield>
            <subfield code="a">FSU01:000612092;</subfield>
            <subfield code="5">FTaSU</subfield>
        </datafield>
        <datafield tag="999" ind1=" " ind2=" ">
            <subfield code="a">ACS0949001</subfield>
        </datafield>
    </record>