
    <record>
        <leader>00846nam a2200253I 4500</leader>
        <controlfield tag="001">024272726</controlfield>
        <controlfield tag="004">FSACS1105001</controlfield>
        <controlfield tag="005">20120623003700.0</controlfield>
        <controlfield tag="008">730124|1871||||||| |||||||eng|u</controlfield>
        <datafield tag="010" ind1=" " ind2=" ">
            <subfield code="a"> 04013174 </subfield>
        </datafield>
        <datafield tag="035" ind1=" " ind2=" ">
            <subfield code="a">(OCoLC)00545943</subfield>
        </datafield>
        <datafield tag="040" ind1=" " ind2=" ">
            <subfield code="c">KSU</subfield>
            <subfield code="d">m.c.</subfield>
        </datafield>
        <datafield tag="090" ind1=" " ind2=" ">
            <subfield code="a">DC203</subfield>
            <subfield code="b">.L27 1871</subfield>
        </datafield>
        <datafield tag="100" ind1="1" ind2=" ">
            <subfield code="a">Lanfrey, Pierre,</subfield>
            <subfield code="d">1828-1877.</subfield>
        </datafield>
        <datafield tag="245" ind1="0" ind2="4">
            <subfield code="a">The history of Napoleon the First,</subfield>
            <subfield code="c">by P. Lanfrey.</subfield>
        </datafield>
        <datafield tag="260" ind1=" " ind2=" ">
            <subfield code="a">London</subfield>
            <subfield code="a">and New York,</subfield>
            <subfield code="b">Macmillan and co.,</subfield>
            <subfield code="c">1871-79.</subfield>
        </datafield>
        <datafield tag="300" ind1=" " ind2=" ">
            <subfield code="a">4 v.</subfield>
            <subfield code="c">23 cm.</subfield>
        </datafield>
        <datafield tag="600" ind1="0" ind2="0">
            <subfield code="a">Napoleon</subfield>
            <subfield code="b">I,</subfield>
            <subfield code="c">Emperor of the French,</subfield>
            <subfield code="d">1769-1821</subfield>
        </datafield>
        <datafield tag="651" ind1=" " ind2="0">
            <subfield code="a">France</subfield>
            <subfield code="x">History</subfield>
            <subfield code="y">1789-1815.</subfield>
        </datafield>
        <datafield tag="852" ind1="0" ind2=" ">
            <subfield code="a">FTaSU</subfield>
            <subfield code="b">FSUSP</subfield>
            <subfield code="c">NAP</subfield>
            <subfield code="h">DC203</subfield>
            <subfield code="i">.L27 1871</subfield>
        </datafield>
        <datafield tag="866" ind1="3" ind2="1">
            <subfield code="b">FSU STROZIER, Special Coll</subfield>
            <subfield code="c">Napoleon</subfield>
            <subfield code="h">DC203</subfield>
            <subfield code="i">.L27 1871</subfield>
            <subfield code="a">v. 1-4</subfield>
        </datafield>
        <datafield tag="852" ind1="0" ind2=" ">
            <subfield code="a">FTaSU</subfield>
            <subfield code="b">FSUSP</subfield>
            <subfield code="c">NAP</subfield>
            <subfield code="h">DC203</subfield>
            <subfield code="i">.L27 1871</subfield>
        </datafield>
        <datafield tag="951" ind1=" " ind2=" ">
            <subfield code="1">05</subfield>
            <subfield code="a">FSU01:000612241;</subfield>
            <subfield code="5">FTaSU</subfield>
        </datafield>
        <datafield tag="999" ind1=" " ind2=" ">
            <subfield code="a">ACS1105001</subfield>
        </datafield>
    </record>