
<!--    <record>
        <leader>01032cam a2200265 4500</leader>
        <controlfield tag="001">024285080</controlfield>
        <controlfield tag="004">FSAGG5481001</controlfield>
        <controlfield tag="005">20080306092231.0</controlfield>
        <controlfield tag="008">880504r19701930enkbc a 001|0aeng d</controlfield>
        <datafield tag="035" ind1=" " ind2=" ">
            <subfield code="a">(OCoLC)21534908</subfield>
        </datafield>
        <datafield tag="040" ind1=" " ind2=" ">
            <subfield code="a">YUS</subfield>
            <subfield code="c">YUS</subfield>
        </datafield>
        <datafield tag="043" ind1=" " ind2=" ">
            <subfield code="a">e-uk-\-\-</subfield>
        </datafield>
        <datafield tag="099" ind1=" " ind2=" ">
            <subfield code="a">Film</subfield>
            <subfield code="a">2643</subfield>
        </datafield>
        <datafield tag="100" ind1="1" ind2=" ">
            <subfield code="a">D'Urban,</subfield>
            <subfield code="c">Benjamin,</subfield>
            <subfield code="c">Sir,</subfield>
            <subfield code="d">1777-1849.</subfield>
        </datafield>
        <datafield tag="245" ind1="1" ind2="4">
            <subfield code="a">The Peninsular journal of Major-general Sir Benjamin D'Urban ...
                1808-1817</subfield>
            <subfield code="h">[microform].</subfield>
            <subfield code="c">Edited, with an introduction by I.J. Rousseau.</subfield>
        </datafield>
        <datafield tag="260" ind1=" " ind2=" ">
            <subfield code="a">London,</subfield>
            <subfield code="a">New York,</subfield>
            <subfield code="b">Longmans, Green and Co.,</subfield>
            <subfield code="c">1930.</subfield>
        </datafield>
        <datafield tag="300" ind1=" " ind2=" ">
            <subfield code="a">xix, 355 p.</subfield>
            <subfield code="b">illus.</subfield>
            <subfield code="c">23 cm.</subfield>
        </datafield>
        <datafield tag="533" ind1=" " ind2=" ">
            <subfield code="a">Microfilm.</subfield>
            <subfield code="b">Tallahassee, Fla.,</subfield>
            <subfield code="c">Florida State University, Strozier Library,</subfield>
            <subfield code="d">1970.</subfield>
            <subfield code="e">1 reel (negative). 35 mm.</subfield>
            <subfield code="5">FTaSU</subfield>
        </datafield>
        <datafield tag="650" ind1=" " ind2="0">
            <subfield code="a">Peninsular War, 1807-1814.</subfield>
        </datafield>
        <datafield tag="651" ind1=" " ind2="0">
            <subfield code="a">Great Britain</subfield>
            <subfield code="x">History, Military</subfield>
            <subfield code="y">19th century.</subfield>
        </datafield>
        <datafield tag="700" ind1="0" ind2=" ">
            <subfield code="a">Rousseau, Izac Jozua,</subfield>
            <subfield code="d">1888-</subfield>
        </datafield>
        <datafield tag="852" ind1="4" ind2=" ">
            <subfield code="a">FTaSU</subfield>
            <subfield code="b">FSULC</subfield>
            <subfield code="c">MICR</subfield>
            <subfield code="h">Film</subfield>
            <subfield code="i">2643</subfield>
        </datafield>
        <datafield tag="852" ind1="4" ind2=" ">
            <subfield code="a">FTaSU</subfield>
            <subfield code="b">FSULC</subfield>
            <subfield code="c">MICR</subfield>
            <subfield code="h">Film</subfield>
            <subfield code="i">2643</subfield>
        </datafield>
        <datafield tag="951" ind1=" " ind2=" ">
            <subfield code="1">05</subfield>
            <subfield code="a">FSU01:001123851;</subfield>
            <subfield code="5">FTaSU</subfield>
        </datafield>
        <datafield tag="999" ind1=" " ind2=" ">
            <subfield code="a">AGG5481001</subfield>
        </datafield>
    </record>