-->
    <record>
        <leader>01320cam a2200349I 4500</leader>
        <controlfield tag="001">024315874</controlfield>
        <controlfield tag="004">SFAAX0355001</controlfield>
        <controlfield tag="005">20120623013500.0</controlfield>
        <controlfield tag="008">741002s1948 nbucf b 000|0bengm </controlfield>
        <datafield tag="010" ind1=" " ind2=" ">
            <subfield code="a"> 48047712 </subfield>
        </datafield>
        <datafield tag="035" ind1=" " ind2=" ">
            <subfield code="a">(OCoLC)01027443</subfield>
        </datafield>
        <datafield tag="040" ind1=" " ind2=" ">
            <subfield code="a">DLC</subfield>
            <subfield code="c">IUA</subfield>
            <subfield code="d">m.c.</subfield>
            <subfield code="d">SER</subfield>
        </datafield>
        <datafield tag="050" ind1="1" ind2=" ">
            <subfield code="a">AS36</subfield>
            <subfield code="b">.N2 n.s., no.3</subfield>
        </datafield>
        <datafield tag="082" ind1="0" ind2=" ">
            <subfield code="a">944.04</subfield>
        </datafield>
        <datafield tag="090" ind1=" " ind2=" ">
            <subfield code="a">DC158.8</subfield>
            <subfield code="b">.D68 1948</subfield>
        </datafield>
        <datafield tag="090" ind1=" " ind2=" ">
            <subfield code="a">DC146</subfield>
            <subfield code="b">.D3</subfield>
        </datafield>
        <datafield tag="100" ind1="1" ind2=" ">
            <subfield code="a">Dowd, David Lloyd.</subfield>
        </datafield>
        <datafield tag="245" ind1="1" ind2="0">
            <subfield code="a">Pageant-master of the Republic :</subfield>
            <subfield code="b">Jacques-Louis David and the French Revolution /</subfield>
            <subfield code="c">&lt;by&gt; David Lloyd Dowd.</subfield>
        </datafield>
        <datafield tag="260" ind1=" " ind2=" ">
            <subfield code="a">Lincoln :</subfield>
            <subfield code="b">The University of Nebraska Press,</subfield>
            <subfield code="c">&lt;1948&gt;</subfield>
        </datafield>
        <datafield tag="300" ind1=" " ind2=" ">
            <subfield code="a">xiv, 205 p. :</subfield>
            <subfield code="b">plates, ports. ;</subfield>
            <subfield code="c">23 cm.</subfield>
        </datafield>
        <datafield tag="440" ind1=" " ind2="0">
            <subfield code="a">University of Nebraska studies.</subfield>
            <subfield code="v">New ser., no. 3</subfield>
            <subfield code="5">FTaSU</subfield>
            <subfield code="5">FTS</subfield>
        </datafield>
        <datafield tag="504" ind1=" " ind2=" ">
            <subfield code="a">&quot;Bibliographical essay&quot;: p. 143-164. &quot;Essay on
                sources&quot;: p. 165-194.</subfield>
        </datafield>
        <datafield tag="600" ind1="1" ind2="0">
            <subfield code="a">David, Jacques Louis,</subfield>
            <subfield code="d">1748-1825.</subfield>
        </datafield>
        <datafield tag="651" ind1=" " ind2="0">
            <subfield code="a">France</subfield>
            <subfield code="x">History</subfield>
            <subfield code="y">Revolution, 1789-1799</subfield>
            <subfield code="x">Propaganda.</subfield>
        </datafield>
        <datafield tag="852" ind1="0" ind2=" ">
            <subfield code="a">FTS</subfield>
            <subfield code="b">SFTMP</subfield>
            <subfield code="c">GEN</subfield>
            <subfield code="h">DC146</subfield>
            <subfield code="i">.D3</subfield>
        </datafield>
        <datafield tag="852" ind1="0" ind2=" ">
            <subfield code="a">FTaSU</subfield>
            <subfield code="b">FSULC</subfield>
            <subfield code="c">GEN</subfield>
            <subfield code="h">DC158.8</subfield>
            <subfield code="i">.D68 1948</subfield>
            <subfield code="x">Reclassed 12/20/99 sch</subfield>
        </datafield>
        <datafield tag="852" ind1="0" ind2=" ">
            <subfield code="a">FTS</subfield>
            <subfield code="b">SFTMP</subfield>
            <subfield code="c">GEN</subfield>
            <subfield code="h">DC146</subfield>
            <subfield code="i">.D3</subfield>
        </datafield>
        <datafield tag="852" ind1="0" ind2=" ">
            <subfield code="a">FTaSU</subfield>
            <subfield code="b">FSULC</subfield>
            <subfield code="c">GEN</subfield>
            <subfield code="h">DC158.8</subfield>
            <subfield code="i">.D68 1948</subfield>
            <subfield code="x">Reclassed 12/20/99 sch</subfield>
        </datafield>
        <datafield tag="951" ind1=" " ind2=" ">
            <subfield code="1">05</subfield>
            <subfield code="a">FSU01:000613823;</subfield>
            <subfield code="5">FTaSU</subfield>
        </datafield>
        <datafield tag="951" ind1=" " ind2=" ">
            <subfield code="1">10</subfield>
            <subfield code="a">SFU01:000186293;</subfield>
            <subfield code="5">FTS</subfield>
        </datafield>
        <datafield tag="999" ind1=" " ind2=" ">
            <subfield code="a">AAX0355001</subfield>
        </datafield>
        <datafield tag="999" ind1=" " ind2=" ">
            <subfield code="a">ACS2770001</subfield>
        </datafield>
    </record>