
<!--    <record>
        <leader>00946nam a2200253K 4500</leader>
        <controlfield tag="001">024331064</controlfield>
        <controlfield tag="004">FSAGG8767001</controlfield>
        <controlfield tag="005">20120623003900.0</controlfield>
        <controlfield tag="008">910626r19631881xx a a 000|0 eng d</controlfield>
        <datafield tag="035" ind1=" " ind2=" ">
            <subfield code="a">(OCoLC)23993441</subfield>
        </datafield>
        <datafield tag="040" ind1=" " ind2=" ">
            <subfield code="a">FDA</subfield>
            <subfield code="c">FDA</subfield>
        </datafield>
        <datafield tag="099" ind1=" " ind2=" ">
            <subfield code="a">Film</subfield>
            <subfield code="a">1085</subfield>
        </datafield>
        <datafield tag="100" ind1="1" ind2=" ">
            <subfield code="a">Gomm, William Maynard,</subfield>
            <subfield code="c">Sir,</subfield>
            <subfield code="d">1784-1875.</subfield>
        </datafield>
        <datafield tag="245" ind1="0" ind2="0">
            <subfield code="a">Letters and journals of Field-Marshal Sir William Maynard Gomm...
                from 1799 to Waterloo, 1815.</subfield>
            <subfield code="c">Ed. by Francis Culling Carr-Gomm.</subfield>
        </datafield>
        <datafield tag="260" ind1=" " ind2=" ">
            <subfield code="c">1881.</subfield>
        </datafield>
        <datafield tag="300" ind1=" " ind2=" ">
            <subfield code="a">378 pages</subfield>
            <subfield code="b">illus.</subfield>
        </datafield>
        <datafield tag="533" ind1=" " ind2=" ">
            <subfield code="a">Microfilm.</subfield>
            <subfield code="b">Tallahassee, Florida :</subfield>
            <subfield code="c">Florida State University,</subfield>
            <subfield code="d">1963.</subfield>
            <subfield code="e">1 microfilm reel : negative ; 35 mm.</subfield>
            <subfield code="5">FTaSU</subfield>
        </datafield>
        <datafield tag="651" ind1=" " ind2="0">
            <subfield code="a">Great Britain</subfield>
            <subfield code="x">History, Military</subfield>
            <subfield code="y">1789-1820.</subfield>
        </datafield>
        <datafield tag="650" ind1=" " ind2="0">
            <subfield code="a">Peninsular War, 1807-1814.</subfield>
        </datafield>
        <datafield tag="700" ind1="1" ind2=" ">
            <subfield code="a">Carr-Gomm, Francis Culling,</subfield>
            <subfield code="d">1834-</subfield>
        </datafield>
        <datafield tag="852" ind1="4" ind2=" ">
            <subfield code="a">FTaSU</subfield>
            <subfield code="b">FSULC</subfield>
            <subfield code="c">MICR</subfield>
            <subfield code="h">Film 1085</subfield>
        </datafield>
        <datafield tag="852" ind1="4" ind2=" ">
            <subfield code="a">FTaSU</subfield>
            <subfield code="b">FSULC</subfield>
            <subfield code="c">MICR</subfield>
            <subfield code="h">Film 1085</subfield>
        </datafield>
        <datafield tag="951" ind1=" " ind2=" ">
            <subfield code="1">05</subfield>
            <subfield code="a">FSU01:001125355;</subfield>
            <subfield code="5">FTaSU</subfield>
        </datafield>
        <datafield tag="999" ind1=" " ind2=" ">
            <subfield code="a">AGG8767001</subfield>
        </datafield>
    </record>