-->
    <record>
        <leader>01646nam a22003971 4500</leader>
        <controlfield tag="001">024331296</controlfield>
        <controlfield tag="004">FSABM5528001</controlfield>
        <controlfield tag="005">20120623052300.0</controlfield>
        <controlfield tag="008">840105s1928 xx cfh 000|0bfre </controlfield>
        <datafield tag="010" ind1=" " ind2=" ">
            <subfield code="a"> 29005721 </subfield>
        </datafield>
        <datafield tag="035" ind1=" " ind2=" ">
            <subfield code="a">(OCoLC)03534375</subfield>
        </datafield>
        <datafield tag="035" ind1=" " ind2=" ">
            <subfield code="a">(OCoLC)03534375</subfield>
        </datafield>
        <datafield tag="040" ind1=" " ind2=" ">
            <subfield code="c">CarP</subfield>
        </datafield>
        <datafield tag="041" ind1="1" ind2=" ">
            <subfield code="a">gerfre</subfield>
        </datafield>
        <datafield tag="043" ind1=" " ind2=" ">
            <subfield code="a">e-fr---</subfield>
        </datafield>
        <datafield tag="050" ind1="0" ind2=" ">
            <subfield code="a">DC198</subfield>
            <subfield code="b">.K53</subfield>
        </datafield>
        <datafield tag="092" ind1=" " ind2=" ">
            <subfield code="a">944.05</subfield>
            <subfield code="b">K47mFd</subfield>
        </datafield>
        <datafield tag="100" ind1="1" ind2=" ">
            <subfield code="a">Kielmansegg, Auguste Charlotte von Schönberg,</subfield>
            <subfield code="c">gräfin von,</subfield>
            <subfield code="d">1777-1863.</subfield>
        </datafield>
        <datafield tag="245" ind1="0" ind2="0">
            <subfield code="a">Mémoires de la comtesse de Kielmannsegge sur Napoléon 1er, d'après le
                manuscrit original des archives du comte Guerrino, zu Lynar, traduits de
                l'allemand</subfield>
        </datafield>
        <datafield tag="260" ind1=" " ind2=" ">
            <subfield code="a">Paris-Neuchâtel,</subfield>
            <subfield code="b">Éditions V. Attinger,</subfield>
            <subfield code="c">1928.</subfield>
        </datafield>
        <datafield tag="300" ind1=" " ind2=" ">
            <subfield code="a">2 v.</subfield>
            <subfield code="b">front., plates, ports., facsims. (part fold.)</subfield>
            <subfield code="c">23 cm.</subfield>
        </datafield>
        <datafield tag="583" ind1="1" ind2=" ">
            <subfield code="5">flgafar</subfield>
            <subfield code="a">committed to retain</subfield>
            <subfield code="c">20140312</subfield>
            <subfield code="d">committed to retain permanently</subfield>
            <subfield code="f">FLARE</subfield>
            <subfield code="j">FSTO</subfield>
        </datafield>
        <datafield tag="583" ind1="1" ind2=" ">
            <subfield code="5">flgafar</subfield>
            <subfield code="a">condition reviewed</subfield>
            <subfield code="c">20140312</subfield>
            <subfield code="f">FLARE</subfield>
            <subfield code="j">FSTO</subfield>
        </datafield>
        <datafield tag="600" ind1="0" ind2="0">
            <subfield code="a">Napoleon</subfield>
            <subfield code="b">I,</subfield>
            <subfield code="c">Emperor of the French,</subfield>
            <subfield code="d">1769-1821.</subfield>
        </datafield>
        <datafield tag="651" ind1=" " ind2="0">
            <subfield code="a">France</subfield>
            <subfield code="x">History</subfield>
            <subfield code="y">Consulate and First Empire, 1799-1815.</subfield>
        </datafield>
        <datafield tag="700" ind1="1" ind2=" ">
            <subfield code="a">Delage, Joseph,</subfield>
            <subfield code="e">tr.</subfield>
        </datafield>
        <datafield tag="852" ind1="0" ind2=" ">
            <subfield code="a">FTaSU</subfield>
            <subfield code="b">FSUSP</subfield>
            <subfield code="c">NAP</subfield>
            <subfield code="h">DC198</subfield>
            <subfield code="i">.K53</subfield>
        </datafield>
        <datafield tag="866" ind1="3" ind2="1">
            <subfield code="b">FSU STROZIER, Special Coll</subfield>
            <subfield code="c">Napoleon</subfield>
            <subfield code="h">DC198</subfield>
            <subfield code="i">.K53</subfield>
            <subfield code="a">t. 1-2</subfield>
            <subfield code="x">Redesignated from subbasement 10/05/2006 rjm</subfield>
        </datafield>
        <datafield tag="852" ind1="1" ind2=" ">
            <subfield code="a">FlGaFAR</subfield>
            <subfield code="b">FLARE</subfield>
            <subfield code="c">TRAY</subfield>
            <subfield code="h">944.05</subfield>
            <subfield code="i">K47mFd</subfield>
        </datafield>
        <datafield tag="866" ind1="3" ind2="1">
            <subfield code="b">FLARE</subfield>
            <subfield code="h">944.05</subfield>
            <subfield code="i">K47mFd</subfield>
            <subfield code="a">v.1-2</subfield>
        </datafield>
        <datafield tag="852" ind1="1" ind2=" ">
            <subfield code="a">FU</subfield>
            <subfield code="b">UFSTO</subfield>
            <subfield code="c">UFFLR</subfield>
            <subfield code="h">944.05</subfield>
            <subfield code="i">K47mFd</subfield>
        </datafield>
        <datafield tag="852" ind1="0" ind2=" ">
            <subfield code="a">FTaSU</subfield>
            <subfield code="b">FSUSP</subfield>
            <subfield code="c">NAP</subfield>
            <subfield code="h">DC198</subfield>
            <subfield code="i">.K53</subfield>
        </datafield>
        <datafield tag="852" ind1="1" ind2=" ">
            <subfield code="a">FlGaFAR</subfield>
            <subfield code="b">FLARE</subfield>
            <subfield code="c">TRAY</subfield>
            <subfield code="h">944.05</subfield>
            <subfield code="i">K47mFd</subfield>
        </datafield>
        <datafield tag="951" ind1=" " ind2=" ">
            <subfield code="1">05</subfield>
            <subfield code="a">FSU01:000345420;</subfield>
            <subfield code="5">FTaSU</subfield>
        </datafield>
        <datafield tag="951" ind1=" " ind2=" ">
            <subfield code="1">08</subfield>
            <subfield code="a">UFU01:000627682;</subfield>
            <subfield code="5">FU</subfield>
        </datafield>
        <datafield tag="999" ind1=" " ind2=" ">
            <subfield code="a">ABM5528001</subfield>
        </datafield>
    </record>