
    <record>
        <leader>00880nam a2200253I 4500</leader>
        <controlfield tag="001">024370670</controlfield>
        <controlfield tag="004">FSACS4776001</controlfield>
        <controlfield tag="005">20120623004100.0</controlfield>
        <controlfield tag="008">750725|1920||||||| |||||||eng u</controlfield>
        <datafield tag="010" ind1=" " ind2=" ">
            <subfield code="a"> 21001843 </subfield>
        </datafield>
        <datafield tag="035" ind1=" " ind2=" ">
            <subfield code="a">(OCoLC)01477334</subfield>
        </datafield>
        <datafield tag="040" ind1=" " ind2=" ">
            <subfield code="c">YWM</subfield>
        </datafield>
        <datafield tag="090" ind1=" " ind2=" ">
            <subfield code="a">DC151</subfield>
            <subfield code="b">.M84 1920</subfield>
        </datafield>
        <datafield tag="100" ind1="1" ind2=" ">
            <subfield code="a">Moreau de Jonnès, Alexandre,</subfield>
            <subfield code="d">1778-1870</subfield>
        </datafield>
        <datafield tag="245" ind1="1" ind2="0">
            <subfield code="a">Adventures in wars of the republic and consulate,</subfield>
            <subfield code="c">by A. Moreau de Jonnès. Translated from the edition of 1893 by
                Brigadier-General A. J. Abdy.</subfield>
        </datafield>
        <datafield tag="260" ind1=" " ind2=" ">
            <subfield code="a">London,</subfield>
            <subfield code="b">J. Murray,</subfield>
            <subfield code="c">1920</subfield>
        </datafield>
        <datafield tag="300" ind1=" " ind2=" ">
            <subfield code="a">xiv, 300 p.</subfield>
            <subfield code="b">map</subfield>
            <subfield code="c">23 cm.</subfield>
        </datafield>
        <datafield tag="651" ind1=" " ind2="0">
            <subfield code="a">France</subfield>
            <subfield code="x">History</subfield>
            <subfield code="y">1789-1815.</subfield>
        </datafield>
        <datafield tag="651" ind1=" " ind2="0">
            <subfield code="a">France</subfield>
            <subfield code="x">History, Military.</subfield>
        </datafield>
        <datafield tag="700" ind1="1" ind2=" ">
            <subfield code="a">Abdy, Anthony John,</subfield>
            <subfield code="d">1856-</subfield>
            <subfield code="e">tr.</subfield>
        </datafield>
        <datafield tag="852" ind1="0" ind2=" ">
            <subfield code="a">FTaSU</subfield>
            <subfield code="b">FSUSP</subfield>
            <subfield code="c">NAP</subfield>
            <subfield code="h">DC151</subfield>
            <subfield code="i">.M84 1920</subfield>
        </datafield>
        <datafield tag="852" ind1="0" ind2=" ">
            <subfield code="a">FTaSU</subfield>
            <subfield code="b">FSUSP</subfield>
            <subfield code="c">NAP</subfield>
            <subfield code="h">DC151</subfield>
            <subfield code="i">.M84 1920</subfield>
        </datafield>
        <datafield tag="951" ind1=" " ind2=" ">
            <subfield code="1">05</subfield>
            <subfield code="a">FSU01:000615747;</subfield>
            <subfield code="5">FTaSU</subfield>
        </datafield>
        <datafield tag="999" ind1=" " ind2=" ">
            <subfield code="a">ACS4776001</subfield>
        </datafield>
    </record>