
    <record>
        <leader>00784nam a2200241I 4500</leader>
        <controlfield tag="001">024375084</controlfield>
        <controlfield tag="004">FSAAT1848001</controlfield>
        <controlfield tag="005">20180508055700.0</controlfield>
        <controlfield tag="008">740624 1855 | fre u</controlfield>
        <datafield tag="010" ind1=" " ind2=" ">
            <subfield code="a"> 03013436 </subfield>
        </datafield>
        <datafield tag="035" ind1=" " ind2=" ">
            <subfield code="a">(OCoLC)00927762</subfield>
        </datafield>
        <datafield tag="040" ind1=" " ind2=" ">
            <subfield code="c">TOL</subfield>
            <subfield code="d">FDA</subfield>
        </datafield>
        <datafield tag="050" ind1="0" ind2=" ">
            <subfield code="a">DC186</subfield>
            <subfield code="b">.B22</subfield>
        </datafield>
        <datafield tag="100" ind1="1" ind2=" ">
            <subfield code="a">Barante, Amable-Guillaume-Prosper Brugière,</subfield>
            <subfield code="c">baron de,</subfield>
            <subfield code="d">1782-1866.</subfield>
        </datafield>
        <datafield tag="245" ind1="1" ind2="0">
            <subfield code="a">Histoire du directoire de la République Française.</subfield>
        </datafield>
        <datafield tag="260" ind1=" " ind2=" ">
            <subfield code="a">Paris,</subfield>
            <subfield code="b">Didier,</subfield>
            <subfield code="c">1855.</subfield>
        </datafield>
        <datafield tag="300" ind1=" " ind2=" ">
            <subfield code="a">3 v.</subfield>
        </datafield>
        <datafield tag="651" ind1=" " ind2="0">
            <subfield code="a">France</subfield>
            <subfield code="x">History</subfield>
            <subfield code="y">Directory, 1795-1799.</subfield>
        </datafield>
        <datafield tag="852" ind1="0" ind2=" ">
            <subfield code="a">FTaSU</subfield>
            <subfield code="b">FSUSP</subfield>
            <subfield code="c">NAP</subfield>
            <subfield code="h">DC186</subfield>
            <subfield code="i">.B22</subfield>
            <subfield code="x">vk</subfield>
        </datafield>
        <datafield tag="866" ind1="3" ind2="1">
            <subfield code="b">FSU STROZIER, Special Coll</subfield>
            <subfield code="c">Napoleon</subfield>
            <subfield code="h">DC186</subfield>
            <subfield code="i">.B22</subfield>
            <subfield code="a">t. 1-3</subfield>
        </datafield>
        <datafield tag="852" ind1="0" ind2=" ">
            <subfield code="a">FTaSU</subfield>
            <subfield code="b">FSUSP</subfield>
            <subfield code="c">NAP</subfield>
            <subfield code="h">DC186</subfield>
            <subfield code="i">.B22</subfield>
            <subfield code="x">vk</subfield>
        </datafield>
        <datafield tag="951" ind1=" " ind2=" ">
            <subfield code="1">05</subfield>
            <subfield code="a">FSU01:000167146;</subfield>
            <subfield code="5">FTaSU</subfield>
        </datafield>
        <datafield tag="999" ind1=" " ind2=" ">
            <subfield code="a">AAT1848001</subfield>
        </datafield>
    </record>