
    <record>
        <leader>00845nam a2200217I 4500</leader>
        <controlfield tag="001">024415007</controlfield>
        <controlfield tag="004">FSACS6404001</controlfield>
        <controlfield tag="005">20120623004200.0</controlfield>
        <controlfield tag="008">760105s1899 enkb 000|0 eng d</controlfield>
        <datafield tag="035" ind1=" " ind2=" ">
            <subfield code="a">(OCoLC)01910613</subfield>
        </datafield>
        <datafield tag="040" ind1=" " ind2=" ">
            <subfield code="a">CIN</subfield>
            <subfield code="c">CIN</subfield>
        </datafield>
        <datafield tag="090" ind1=" " ind2=" ">
            <subfield code="a">DC232</subfield>
            <subfield code="b">.S54 1899</subfield>
        </datafield>
        <datafield tag="100" ind1="1" ind2=" ">
            <subfield code="a">Simmons, George.</subfield>
        </datafield>
        <datafield tag="245" ind1="1" ind2="2">
            <subfield code="a">A British rifle man;</subfield>
            <subfield code="b">the journals and correspondence of Major George Simmons, Rifle
                brigade, during the Peninsular war and the campaign of Waterloo.</subfield>
            <subfield code="c">Edited with introduction by Lieutenant-Colonel Willoughby
                Verner.</subfield>
        </datafield>
        <datafield tag="260" ind1=" " ind2=" ">
            <subfield code="a">London,</subfield>
            <subfield code="b">A. &amp; C. Black,</subfield>
            <subfield code="c">1899.</subfield>
        </datafield>
        <datafield tag="300" ind1=" " ind2=" ">
            <subfield code="a">xxvii, 386 p.</subfield>
            <subfield code="b">fold. maps.</subfield>
            <subfield code="c">21 cm.</subfield>
        </datafield>
        <datafield tag="700" ind1="1" ind2=" ">
            <subfield code="a">Verner, William Willoughby Cole,</subfield>
            <subfield code="d">1852-1922.</subfield>
        </datafield>
        <datafield tag="852" ind1="0" ind2=" ">
            <subfield code="a">FTaSU</subfield>
            <subfield code="b">FSUSP</subfield>
            <subfield code="c">NAP</subfield>
            <subfield code="h">DC232</subfield>
            <subfield code="i">.S54 1899</subfield>
        </datafield>
        <datafield tag="852" ind1="0" ind2=" ">
            <subfield code="a">FTaSU</subfield>
            <subfield code="b">FSUSP</subfield>
            <subfield code="c">NAP</subfield>
            <subfield code="h">DC232</subfield>
            <subfield code="i">.S54 1899</subfield>
        </datafield>
        <datafield tag="951" ind1=" " ind2=" ">
            <subfield code="1">05</subfield>
            <subfield code="a">FSU01:000617304;</subfield>
            <subfield code="5">FTaSU</subfield>
        </datafield>
        <datafield tag="999" ind1=" " ind2=" ">
            <subfield code="a">ACS6404001</subfield>
        </datafield>
    </record>