
    <record>
        <leader>00828nam a2200229I 4500</leader>
        <controlfield tag="001">024415347</controlfield>
        <controlfield tag="004">FSACS6416001</controlfield>
        <controlfield tag="005">20120623004200.0</controlfield>
        <controlfield tag="008">760106s1909 fr acef b 000|0 fre d</controlfield>
        <datafield tag="035" ind1=" " ind2=" ">
            <subfield code="a">(OCoLC)01914006</subfield>
        </datafield>
        <datafield tag="040" ind1=" " ind2=" ">
            <subfield code="a">CIN</subfield>
            <subfield code="c">CIN</subfield>
        </datafield>
        <datafield tag="090" ind1=" " ind2=" ">
            <subfield code="a">DC193.4</subfield>
            <subfield code="b">.B37 1909</subfield>
        </datafield>
        <datafield tag="100" ind1="1" ind2=" ">
            <subfield code="a">Barbey, Frédéric,</subfield>
            <subfield code="d">1879-</subfield>
        </datafield>
        <datafield tag="245" ind1="1" ind2="3">
            <subfield code="a">La mort de Pichegru.</subfield>
            <subfield code="b">Biville-Paris-le temple, 1804.</subfield>
            <subfield code="c">Avec cinq plans inédits du temple et sept gravures hors
                texte.</subfield>
        </datafield>
        <datafield tag="260" ind1=" " ind2=" ">
            <subfield code="a">Paris,</subfield>
            <subfield code="b">Perrin et cie,</subfield>
            <subfield code="c">1909.</subfield>
        </datafield>
        <datafield tag="300" ind1=" " ind2=" ">
            <subfield code="a">ii, 276 p.,</subfield>
            <subfield code="b">illus., plates (1 double) ports., plans (1 double)</subfield>
            <subfield code="c">19 cm.</subfield>
        </datafield>
        <datafield tag="504" ind1=" " ind2=" ">
            <subfield code="a">Bibliographical foot-notes.</subfield>
        </datafield>
        <datafield tag="700" ind1="1" ind2=" ">
            <subfield code="a">Pichegru, Charles,</subfield>
            <subfield code="d">1761-1804.</subfield>
        </datafield>
        <datafield tag="852" ind1="0" ind2=" ">
            <subfield code="a">FTaSU</subfield>
            <subfield code="b">FSUSP</subfield>
            <subfield code="c">NAP</subfield>
            <subfield code="h">DC193.4</subfield>
            <subfield code="i">.B37 1909</subfield>
        </datafield>
        <datafield tag="852" ind1="0" ind2=" ">
            <subfield code="a">FTaSU</subfield>
            <subfield code="b">FSUSP</subfield>
            <subfield code="c">NAP</subfield>
            <subfield code="h">DC193.4</subfield>
            <subfield code="i">.B37 1909</subfield>
        </datafield>
        <datafield tag="951" ind1=" " ind2=" ">
            <subfield code="1">05</subfield>
            <subfield code="a">FSU01:000617315;</subfield>
            <subfield code="5">FTaSU</subfield>
        </datafield>
        <datafield tag="999" ind1=" " ind2=" ">
            <subfield code="a">ACS6416001</subfield>
        </datafield>
    </record>