
    <record>
        <leader>01526cam a2200349I 4500</leader>
        <controlfield tag="001">024416525</controlfield>
        <controlfield tag="004">FIAAU0394001</controlfield>
        <controlfield tag="005">20120623010200.0</controlfield>
        <controlfield tag="008">770429s1942 nyub 000|0 eng d</controlfield>
        <datafield tag="035" ind1=" " ind2=" ">
            <subfield code="a">(OCoLC)02928286</subfield>
        </datafield>
        <datafield tag="040" ind1=" " ind2=" ">
            <subfield code="a">DMM</subfield>
            <subfield code="c">DMM</subfield>
            <subfield code="d">FXG</subfield>
        </datafield>
        <datafield tag="090" ind1=" " ind2=" ">
            <subfield code="a">G1796.S62</subfield>
            <subfield code="b">U5 1942</subfield>
        </datafield>
        <datafield tag="090" ind1=" " ind2=" ">
            <subfield code="a">DC203</subfield>
            <subfield code="b">.Y61 1897</subfield>
        </datafield>
        <datafield tag="110" ind1="1" ind2=" ">
            <subfield code="a">United States Military Academy.</subfield>
            <subfield code="b">Dept. of Military Art and Engineering.</subfield>
        </datafield>
        <datafield tag="245" ind1="1" ind2="0">
            <subfield code="a">Atlas to accompany Napoleon as a general,</subfield>
            <subfield code="c">by Count Yorck von Wartenburg. Prepared by the Dept. of Military Art
                and Engineering, U. S. Military Academy, for its course in military
                history.</subfield>
        </datafield>
        <datafield tag="260" ind1=" " ind2=" ">
            <subfield code="a">[West Point, N.Y.,</subfield>
            <subfield code="c">1942]</subfield>
        </datafield>
        <datafield tag="300" ind1=" " ind2=" ">
            <subfield code="a">126 p.</subfield>
            <subfield code="b">fold. maps (part col.)</subfield>
            <subfield code="c">34 cm.</subfield>
        </datafield>
        <datafield tag="500" ind1=" " ind2=" ">
            <subfield code="a">Prepared by V. J. Exposito and others.</subfield>
            <subfield code="5">FMFIU</subfield>
            <subfield code="5">FTaSU</subfield>
        </datafield>
        <datafield tag="590" ind1=" " ind2=" ">
            <subfield code="a">Gift of Mrs. J.J. Gilliam.</subfield>
            <subfield code="5">FTaSU</subfield>
        </datafield>
        <datafield tag="600" ind1="0" ind2="4">
            <subfield code="a">Napoleon</subfield>
            <subfield code="b">I,</subfield>
            <subfield code="c">Emperor of the French,</subfield>
            <subfield code="d">1769-1821.</subfield>
        </datafield>
        <datafield tag="691" ind1=" " ind2=" ">
            <subfield code="a">Europe</subfield>
            <subfield code="x">History</subfield>
            <subfield code="y">1789-1815</subfield>
            <subfield code="x">Maps.</subfield>
            <subfield code="5">FMFIU</subfield>
        </datafield>
        <datafield tag="700" ind1="1" ind2=" ">
            <subfield code="a">Esposito, Vincent J.</subfield>
            <subfield code="q">(Vincent Joseph),</subfield>
            <subfield code="d">1900-1965.</subfield>
        </datafield>
        <datafield tag="700" ind1="1" ind2=" ">
            <subfield code="a">Yorck von Wartenburg, Maximilian,</subfield>
            <subfield code="c">Graf,</subfield>
            <subfield code="d">1850-1900.</subfield>
            <subfield code="t">Napoleon als Feldherr.</subfield>
        </datafield>
        <datafield tag="700" ind1="1" ind2=" ">
            <subfield code="a">Yorck von Wartenburg, Maximilian,</subfield>
            <subfield code="c">Graf,</subfield>
            <subfield code="d">1850-1900.</subfield>
            <subfield code="t">Napoleon as a general.</subfield>
        </datafield>
        <datafield tag="852" ind1="0" ind2=" ">
            <subfield code="a">FMFIU</subfield>
            <subfield code="b">FIUSP</subfield>
            <subfield code="c">SPC</subfield>
            <subfield code="h">G1796.S62</subfield>
            <subfield code="i">U5 1942</subfield>
        </datafield>
        <datafield tag="852" ind1="0" ind2=" ">
            <subfield code="a">FTaSU</subfield>
            <subfield code="b">FSUSP</subfield>
            <subfield code="c">NAPO</subfield>
            <subfield code="h">DC203</subfield>
            <subfield code="i">.Y61 1897</subfield>
        </datafield>
        <datafield tag="852" ind1="0" ind2=" ">
            <subfield code="a">FMFIU</subfield>
            <subfield code="b">FIUSP</subfield>
            <subfield code="c">SPC</subfield>
            <subfield code="h">G1796.S62</subfield>
            <subfield code="i">U5 1942</subfield>
        </datafield>
        <datafield tag="852" ind1="0" ind2=" ">
            <subfield code="a">FTaSU</subfield>
            <subfield code="b">FSUSP</subfield>
            <subfield code="c">NAPO</subfield>
            <subfield code="h">DC203</subfield>
            <subfield code="i">.Y61 1897</subfield>
        </datafield>
        <datafield tag="951" ind1=" " ind2=" ">
            <subfield code="1">04</subfield>
            <subfield code="a">FIU01:000162973;</subfield>
            <subfield code="5">FMFIU</subfield>
        </datafield>
        <datafield tag="951" ind1=" " ind2=" ">
            <subfield code="1">05</subfield>
            <subfield code="a">FSU01:000618775;</subfield>
            <subfield code="5">FTaSU</subfield>
        </datafield>
        <datafield tag="999" ind1=" " ind2=" ">
            <subfield code="a">AAU0394001</subfield>
        </datafield>
        <datafield tag="999" ind1=" " ind2=" ">
            <subfield code="a">ACS7942001</subfield>
        </datafield>
    </record>