
    <record>
        <leader>01390nam a2200265I 4500</leader>
        <controlfield tag="001">024431905</controlfield>
        <controlfield tag="004">FSACS6980001</controlfield>
        <controlfield tag="005">20120623004700.0</controlfield>
        <controlfield tag="008">760622m19071910xx 000|0 fre d</controlfield>
        <datafield tag="035" ind1=" " ind2=" ">
            <subfield code="a">(OCoLC)02273850</subfield>
        </datafield>
        <datafield tag="040" ind1=" " ind2=" ">
            <subfield code="a">SNN</subfield>
            <subfield code="c">SNN</subfield>
            <subfield code="d">m.c.</subfield>
        </datafield>
        <datafield tag="050" ind1=" " ind2=" ">
            <subfield code="a">DC148</subfield>
            <subfield code="b">.S71 1907</subfield>
        </datafield>
        <datafield tag="100" ind1="1" ind2=" ">
            <subfield code="a">Sorel, Albert,</subfield>
            <subfield code="d">1842-1906.</subfield>
        </datafield>
        <datafield tag="245" ind1="0" ind2="2">
            <subfield code="a">L'Europe et la révolution française /</subfield>
            <subfield code="c">par Albert Sorel.</subfield>
        </datafield>
        <datafield tag="260" ind1=" " ind2=" ">
            <subfield code="a">Paris :</subfield>
            <subfield code="b">Plon,</subfield>
            <subfield code="c">1907-10.</subfield>
        </datafield>
        <datafield tag="300" ind1=" " ind2=" ">
            <subfield code="a">8 v. ;</subfield>
            <subfield code="c">25 cm.</subfield>
        </datafield>
        <datafield tag="505" ind1="0" ind2=" ">
            <subfield code="a">1. ptie. Les moeurs politiques et les traditions. 11. éd. 1908.--2.
                ptie. La chute de la royauté. 11. éd. 1908.--3. ptie. La guerre aux rois, 1792-1793.
                10. éd. 1908.--4. ptie. Les limites naturelles, 1794-1795. 10. éd. 1909.--5. ptie.
                Bonaparte et le Directoire, 1795-1799. 9. éd. 1910.--6. ptie. La trève--Lunéville et
                Amiens, 1800-1805. 8. éd. 1907.--7. ptie. Le blocus continental--le grand empire,
                1806-1812. 8. éd. 1907.--8. ptie. La coalition, les traités de 1815, 1812-1815. 7.
                éd. 1908.</subfield>
            <subfield code="5">FTaSU</subfield>
        </datafield>
        <datafield tag="651" ind1=" " ind2="0">
            <subfield code="a">Europe</subfield>
            <subfield code="x">History</subfield>
            <subfield code="y">1789-1815.</subfield>
        </datafield>
        <datafield tag="651" ind1=" " ind2="0">
            <subfield code="a">France</subfield>
            <subfield code="x">History</subfield>
            <subfield code="y">Revolution, 1789-1799.</subfield>
        </datafield>
        <datafield tag="651" ind1=" " ind2="0">
            <subfield code="a">France</subfield>
            <subfield code="x">History</subfield>
            <subfield code="y">Revolution, 1789-1799</subfield>
            <subfield code="x">Causes.</subfield>
        </datafield>
        <datafield tag="852" ind1="0" ind2=" ">
            <subfield code="a">FTaSU</subfield>
            <subfield code="b">FSUSP</subfield>
            <subfield code="c">NAP</subfield>
            <subfield code="h">DC148</subfield>
            <subfield code="i">.S71 1907</subfield>
        </datafield>
        <datafield tag="866" ind1="3" ind2="1">
            <subfield code="b">FSU STROZIER, Special Coll</subfield>
            <subfield code="c">Napoleon</subfield>
            <subfield code="h">DC148</subfield>
            <subfield code="i">.S71 1907</subfield>
            <subfield code="a">v. 1-8</subfield>
        </datafield>
        <datafield tag="852" ind1="0" ind2=" ">
            <subfield code="a">FTaSU</subfield>
            <subfield code="b">FSUSP</subfield>
            <subfield code="c">NAP</subfield>
            <subfield code="h">DC148</subfield>
            <subfield code="i">.S71 1907</subfield>
        </datafield>
        <datafield tag="951" ind1=" " ind2=" ">
            <subfield code="1">05</subfield>
            <subfield code="a">FSU01:000617861;</subfield>
            <subfield code="5">FTaSU</subfield>
        </datafield>
        <datafield tag="999" ind1=" " ind2=" ">
            <subfield code="a">ACS6980001</subfield>
        </datafield>
    </record>