
    <record>
        <leader>00996cam a2200253I 4500</leader>
        <controlfield tag="001">024445437</controlfield>
        <controlfield tag="004">FSACS7415001</controlfield>
        <controlfield tag="005">20110516122356.0</controlfield>
        <controlfield tag="008">761126s1905 xx 000|0 engm </controlfield>
        <datafield tag="010" ind1=" " ind2=" ">
            <subfield code="a"> 06016664 </subfield>
        </datafield>
        <datafield tag="035" ind1=" " ind2=" ">
            <subfield code="a">(OCoLC)02580051</subfield>
        </datafield>
        <datafield tag="040" ind1=" " ind2=" ">
            <subfield code="a">DLC</subfield>
            <subfield code="c">TXU</subfield>
            <subfield code="d">OCL</subfield>
            <subfield code="d">m.c.</subfield>
        </datafield>
        <datafield tag="090" ind1=" " ind2=" ">
            <subfield code="a">DC216.8</subfield>
            <subfield code="b">.S4 1905</subfield>
        </datafield>
        <datafield tag="100" ind1="1" ind2=" ">
            <subfield code="a">Sergeant, Philip W.</subfield>
            <subfield code="q">(Philip Walsingham),</subfield>
            <subfield code="d">1872-1952.</subfield>
        </datafield>
        <datafield tag="245" ind1="1" ind2="4">
            <subfield code="a">The burlesque Napoleon;</subfield>
            <subfield code="b">being the story of the life and the kingship of Jerome Napoleon
                Bonaparte, youngest brother of Napoleon the Great,</subfield>
            <subfield code="c">by Philip W. Sergeant.</subfield>
        </datafield>
        <datafield tag="260" ind1=" " ind2=" ">
            <subfield code="a">London,</subfield>
            <subfield code="b">T. W. Laurie,</subfield>
            <subfield code="c">1905.</subfield>
        </datafield>
        <datafield tag="300" ind1=" " ind2=" ">
            <subfield code="a">xiv, 383 p.</subfield>
            <subfield code="b">front., pl., ports.</subfield>
            <subfield code="c">23 cm.</subfield>
        </datafield>
        <datafield tag="600" ind1="0" ind2="0">
            <subfield code="a">Jérôme Bonaparte,</subfield>
            <subfield code="c">King of Westphalia,</subfield>
            <subfield code="d">1784-1860.</subfield>
        </datafield>
        <datafield tag="651" ind1=" " ind2="0">
            <subfield code="a">Westphalia (Kingdom)</subfield>
            <subfield code="x">History.</subfield>
        </datafield>
        <datafield tag="600" ind1="0" ind2="0">
            <subfield code="a">Napoleon</subfield>
            <subfield code="b">I,</subfield>
            <subfield code="c">Emperor of the French,</subfield>
            <subfield code="d">1769-1821</subfield>
        </datafield>
        <datafield tag="852" ind1="0" ind2=" ">
            <subfield code="a">FTaSU</subfield>
            <subfield code="b">FSUSP</subfield>
            <subfield code="c">NAP</subfield>
            <subfield code="h">DC216.8</subfield>
            <subfield code="i">.S4 1905</subfield>
        </datafield>
        <datafield tag="852" ind1="0" ind2=" ">
            <subfield code="a">FTaSU</subfield>
            <subfield code="b">FSUSP</subfield>
            <subfield code="c">NAP</subfield>
            <subfield code="h">DC216.8</subfield>
            <subfield code="i">.S4 1905</subfield>
        </datafield>
        <datafield tag="951" ind1=" " ind2=" ">
            <subfield code="1">05</subfield>
            <subfield code="a">FSU01:000618274;</subfield>
            <subfield code="5">FTaSU</subfield>
        </datafield>
        <datafield tag="999" ind1=" " ind2=" ">
            <subfield code="a">ACS7415001</subfield>
        </datafield>
    </record>