
    <record>
        <leader>00717cam a2200229I 4500</leader>
        <controlfield tag="001">024486091</controlfield>
        <controlfield tag="004">FSACS8754001</controlfield>
        <controlfield tag="005">20120623011100.0</controlfield>
        <controlfield tag="008">780327s1922 xx 000|0 eng d</controlfield>
        <datafield tag="035" ind1=" " ind2=" ">
            <subfield code="a">(OCoLC)03754592</subfield>
        </datafield>
        <datafield tag="040" ind1=" " ind2=" ">
            <subfield code="a">TLM</subfield>
            <subfield code="c">TLM</subfield>
            <subfield code="d">m.c.</subfield>
        </datafield>
        <datafield tag="090" ind1=" " ind2=" ">
            <subfield code="a">DC211</subfield>
            <subfield code="b">.R793 1922</subfield>
        </datafield>
        <datafield tag="100" ind1="1" ind2=" ">
            <subfield code="a">Rosebery, Archibald Philip Primrose,</subfield>
            <subfield code="c">Earl of,</subfield>
            <subfield code="d">1847-1929.</subfield>
        </datafield>
        <datafield tag="245" ind1="0" ind2="0">
            <subfield code="a">Napoleon, the last phase.</subfield>
        </datafield>
        <datafield tag="260" ind1=" " ind2=" ">
            <subfield code="a">London,</subfield>
            <subfield code="b">Hodder</subfield>
            <subfield code="c">[1922]</subfield>
        </datafield>
        <datafield tag="300" ind1=" " ind2=" ">
            <subfield code="a">345 p.</subfield>
        </datafield>
        <datafield tag="500" ind1=" " ind2=" ">
            <subfield code="a">Contains foot-notes.</subfield>
            <subfield code="5">FTaSU</subfield>
        </datafield>
        <datafield tag="600" ind1="0" ind2="4">
            <subfield code="a">Napoleon</subfield>
            <subfield code="b">I,</subfield>
            <subfield code="c">Emperor of the French,</subfield>
            <subfield code="d">1769-1821</subfield>
        </datafield>
        <datafield tag="852" ind1="0" ind2=" ">
            <subfield code="a">FTaSU</subfield>
            <subfield code="b">FSUSP</subfield>
            <subfield code="c">NAP</subfield>
            <subfield code="h">DC211</subfield>
            <subfield code="i">.R793 1922</subfield>
        </datafield>
        <datafield tag="852" ind1="0" ind2=" ">
            <subfield code="a">FTaSU</subfield>
            <subfield code="b">FSUSP</subfield>
            <subfield code="c">NAP</subfield>
            <subfield code="h">DC211</subfield>
            <subfield code="i">.R793 1922</subfield>
        </datafield>
        <datafield tag="951" ind1=" " ind2=" ">
            <subfield code="1">05</subfield>
            <subfield code="a">FSU01:000619530;</subfield>
            <subfield code="5">FTaSU</subfield>
        </datafield>
        <datafield tag="999" ind1=" " ind2=" ">
            <subfield code="a">ACS8754001</subfield>
        </datafield>
    </record>