
    <record>
        <leader>00839nam a2200229I 4500</leader>
        <controlfield tag="001">024488109</controlfield>
        <controlfield tag="004">FSACS8797001</controlfield>
        <controlfield tag="005">20120623011200.0</controlfield>
        <controlfield tag="008">780417s1898 enkc 000|0bengm </controlfield>
        <datafield tag="010" ind1=" " ind2=" ">
            <subfield code="a"> 12021851 </subfield>
        </datafield>
        <datafield tag="035" ind1=" " ind2=" ">
            <subfield code="a">(OCoLC)03804693</subfield>
        </datafield>
        <datafield tag="040" ind1=" " ind2=" ">
            <subfield code="a">DLC</subfield>
            <subfield code="c">ERE</subfield>
            <subfield code="d">m.c.</subfield>
        </datafield>
        <datafield tag="090" ind1=" " ind2=" ">
            <subfield code="a">DC213</subfield>
            <subfield code="b">.N22 1898</subfield>
        </datafield>
        <datafield tag="100" ind1="0" ind2=" ">
            <subfield code="a">Napoleon</subfield>
            <subfield code="b">I,</subfield>
            <subfield code="c">Emperor of the French,</subfield>
            <subfield code="d">1769-1821</subfield>
        </datafield>
        <datafield tag="245" ind1="0" ind2="0">
            <subfield code="a">New letters of Napoleon I,</subfield>
            <subfield code="b">omitted from the edition published under the auspices of Napoleon
                III;</subfield>
            <subfield code="c">from the French by Lady Mary Loyd.</subfield>
        </datafield>
        <datafield tag="260" ind1=" " ind2=" ">
            <subfield code="a">London,</subfield>
            <subfield code="b">W. Heinemann,</subfield>
            <subfield code="c">1898.</subfield>
        </datafield>
        <datafield tag="300" ind1=" " ind2=" ">
            <subfield code="a">3 p. l., [v]-xviii p., 1 l., 380 p.</subfield>
            <subfield code="b">front. (port.)</subfield>
            <subfield code="c">23 cm.</subfield>
        </datafield>
        <datafield tag="700" ind1="1" ind2=" ">
            <subfield code="a">Loyd, Mary,</subfield>
            <subfield code="c">Lady,</subfield>
            <subfield code="d">1853-1936.</subfield>
        </datafield>
        <datafield tag="852" ind1="0" ind2=" ">
            <subfield code="a">FTaSU</subfield>
            <subfield code="b">FSUSP</subfield>
            <subfield code="c">NAP</subfield>
            <subfield code="h">DC213</subfield>
            <subfield code="i">.N22 1898</subfield>
        </datafield>
        <datafield tag="852" ind1="0" ind2=" ">
            <subfield code="a">FTaSU</subfield>
            <subfield code="b">FSUSP</subfield>
            <subfield code="c">NAP</subfield>
            <subfield code="h">DC213</subfield>
            <subfield code="i">.N22 1898</subfield>
        </datafield>
        <datafield tag="951" ind1=" " ind2=" ">
            <subfield code="1">05</subfield>
            <subfield code="a">FSU01:000619571;</subfield>
            <subfield code="5">FTaSU</subfield>
        </datafield>
        <datafield tag="999" ind1=" " ind2=" ">
            <subfield code="a">ACS8797001</subfield>
        </datafield>
    </record>