
    <record>
        <leader>00978nam a2200301I 4500</leader>
        <controlfield tag="001">024539413</controlfield>
        <controlfield tag="004">FSACT0433001</controlfield>
        <controlfield tag="005">20120623011900.0</controlfield>
        <controlfield tag="008">820421s1932 fr cfh b 000|0 frem </controlfield>
        <datafield tag="010" ind1=" " ind2=" ">
            <subfield code="a"> 33010428 </subfield>
        </datafield>
        <datafield tag="035" ind1=" " ind2=" ">
            <subfield code="a">(OCoLC)08359199</subfield>
        </datafield>
        <datafield tag="040" ind1=" " ind2=" ">
            <subfield code="a">DLC</subfield>
            <subfield code="c">BXM</subfield>
            <subfield code="d">BXM</subfield>
        </datafield>
        <datafield tag="043" ind1=" " ind2=" ">
            <subfield code="a">e-fr---</subfield>
        </datafield>
        <datafield tag="090" ind1=" " ind2=" ">
            <subfield code="a">DC192.6</subfield>
            <subfield code="b">.D4 1932</subfield>
        </datafield>
        <datafield tag="100" ind1="1" ind2=" ">
            <subfield code="a">Dechêne, Abel.</subfield>
        </datafield>
        <datafield tag="245" ind1="1" ind2="0">
            <subfield code="a">Contre Pie VII et Bonaparte;</subfield>
            <subfield code="b">le blanchardisme, 1801-1829.</subfield>
        </datafield>
        <datafield tag="260" ind1=" " ind2=" ">
            <subfield code="a">Paris,</subfield>
            <subfield code="b">Firmin-Didot et cie.</subfield>
            <subfield code="c">[c1932]</subfield>
        </datafield>
        <datafield tag="300" ind1=" " ind2=" ">
            <subfield code="a">226, [2] p.</subfield>
            <subfield code="b">front. (facsim.) iv pl. (incl. ports.)</subfield>
            <subfield code="c">19 cm.</subfield>
        </datafield>
        <datafield tag="504" ind1=" " ind2=" ">
            <subfield code="a">&quot;Bibliographie&quot;: p. [213]-226.</subfield>
        </datafield>
        <datafield tag="630" ind1="0" ind2="0">
            <subfield code="a">Concordat of 1801 (France)</subfield>
        </datafield>
        <datafield tag="600" ind1="1" ind2="0">
            <subfield code="a">Blanchard, Pierre Louis,</subfield>
            <subfield code="d">1758-1826?</subfield>
        </datafield>
        <datafield tag="610" ind1="2" ind2="0">
            <subfield code="a">Catholic Church</subfield>
            <subfield code="z">France.</subfield>
        </datafield>
        <datafield tag="650" ind1=" " ind2="0">
            <subfield code="a">Church and state</subfield>
            <subfield code="z">France.</subfield>
        </datafield>
        <datafield tag="740" ind1="3" ind2="1">
            <subfield code="a">Le blanchardisme.</subfield>
        </datafield>
        <datafield tag="852" ind1="0" ind2=" ">
            <subfield code="a">FTaSU</subfield>
            <subfield code="b">FSUSP</subfield>
            <subfield code="c">NAP</subfield>
            <subfield code="h">DC192.6</subfield>
            <subfield code="i">.D4 1932</subfield>
        </datafield>
        <datafield tag="852" ind1="0" ind2=" ">
            <subfield code="a">FTaSU</subfield>
            <subfield code="b">FSUSP</subfield>
            <subfield code="c">NAP</subfield>
            <subfield code="h">DC192.6</subfield>
            <subfield code="i">.D4 1932</subfield>
        </datafield>
        <datafield tag="951" ind1=" " ind2=" ">
            <subfield code="1">05</subfield>
            <subfield code="a">FSU01:000621108;</subfield>
            <subfield code="5">FTaSU</subfield>
        </datafield>
        <datafield tag="999" ind1=" " ind2=" ">
            <subfield code="a">ACT0433001</subfield>
        </datafield>
    </record>