
    <record>
        <leader>01002nam a2200253I 4500</leader>
        <controlfield tag="001">024547745</controlfield>
        <controlfield tag="004">FSACT0693001</controlfield>
        <controlfield tag="005">20120623012000.0</controlfield>
        <controlfield tag="008">831026s1878 enkc 000|0 eng </controlfield>
        <datafield tag="010" ind1=" " ind2=" ">
            <subfield code="a"> 02021899 </subfield>
        </datafield>
        <datafield tag="035" ind1=" " ind2=" ">
            <subfield code="a">(OCoLC)10058013</subfield>
        </datafield>
        <datafield tag="040" ind1=" " ind2=" ">
            <subfield code="a">DLC</subfield>
            <subfield code="c">EEM</subfield>
        </datafield>
        <datafield tag="050" ind1=" " ind2=" ">
            <subfield code="a">DA68.12.S7</subfield>
            <subfield code="b">A3 1878</subfield>
        </datafield>
        <datafield tag="100" ind1="1" ind2=" ">
            <subfield code="a">Steevens, Charles,</subfield>
            <subfield code="d">1777-1861.</subfield>
        </datafield>
        <datafield tag="245" ind1="1" ind2="0">
            <subfield code="a">Reminiscences of my military life from 1795 to 1818,</subfield>
            <subfield code="c">by the lateLieut.-Col. Chas. Steevens, formerly of the xx regiment;
                ed. by his son, Lieut.-Col.Nathaniel Stevens, late of the xx and 88th
                regiments.</subfield>
        </datafield>
        <datafield tag="260" ind1=" " ind2=" ">
            <subfield code="a">Winchester,</subfield>
            <subfield code="b">Warren &amp; son,</subfield>
            <subfield code="c">1878.</subfield>
        </datafield>
        <datafield tag="300" ind1=" " ind2=" ">
            <subfield code="a">124 p., 1 l., ix p.</subfield>
            <subfield code="b">front. (port.)</subfield>
            <subfield code="c">23 cm.</subfield>
        </datafield>
        <datafield tag="650" ind1=" " ind2="0">
            <subfield code="a">Peninsular War, 1807-1814</subfield>
            <subfield code="x">Personal narratives.</subfield>
        </datafield>
        <datafield tag="651" ind1=" " ind2="0">
            <subfield code="a">Great Britain</subfield>
            <subfield code="x">History, Military</subfield>
            <subfield code="y">19th century</subfield>
        </datafield>
        <datafield tag="700" ind1="1" ind2=" ">
            <subfield code="a">Stevens, Nathaniel,</subfield>
            <subfield code="e">ed.</subfield>
        </datafield>
        <datafield tag="852" ind1="0" ind2=" ">
            <subfield code="a">FTaSU</subfield>
            <subfield code="b">FSUSP</subfield>
            <subfield code="c">NAP</subfield>
            <subfield code="h">DA68.12.S7</subfield>
            <subfield code="i">A3 1878</subfield>
        </datafield>
        <datafield tag="852" ind1="0" ind2=" ">
            <subfield code="a">FTaSU</subfield>
            <subfield code="b">FSUSP</subfield>
            <subfield code="c">NAP</subfield>
            <subfield code="h">DA68.12.S7</subfield>
            <subfield code="i">A3 1878</subfield>
        </datafield>
        <datafield tag="951" ind1=" " ind2=" ">
            <subfield code="1">05</subfield>
            <subfield code="a">FSU01:000621354;</subfield>
            <subfield code="5">FTaSU</subfield>
        </datafield>
        <datafield tag="999" ind1=" " ind2=" ">
            <subfield code="a">ACT0693001</subfield>
        </datafield>
    </record>