
    <record>
        <leader>01125nam a2200289I 4500</leader>
        <controlfield tag="001">024551238</controlfield>
        <controlfield tag="004">FSACT0809001</controlfield>
        <controlfield tag="005">20120623012000.0</controlfield>
        <controlfield tag="008">840627m19149999fr abce b 001|0 frem </controlfield>
        <datafield tag="010" ind1=" " ind2=" ">
            <subfield code="a"> 27008416 </subfield>
        </datafield>
        <datafield tag="035" ind1=" " ind2=" ">
            <subfield code="a">(OCoLC)10892294</subfield>
        </datafield>
        <datafield tag="040" ind1=" " ind2=" ">
            <subfield code="a">DLC</subfield>
            <subfield code="c">AZU</subfield>
            <subfield code="d">AZU</subfield>
        </datafield>
        <datafield tag="090" ind1=" " ind2=" ">
            <subfield code="a">DP205</subfield>
            <subfield code="b">.G7 1914</subfield>
        </datafield>
        <datafield tag="100" ind1="1" ind2=" ">
            <subfield code="a">Grasset, A.</subfield>
            <subfield code="q">(Alphonse),</subfield>
            <subfield code="d">b. 1873.</subfield>
        </datafield>
        <datafield tag="245" ind1="1" ind2="3">
            <subfield code="a">La guerre d'Espagne (1807-1813)</subfield>
            <subfield code="c">par le capitaine A. Grasset.</subfield>
        </datafield>
        <datafield tag="260" ind1=" " ind2=" ">
            <subfield code="a">Paris,</subfield>
            <subfield code="b">Nancy, Berger-Levrault,</subfield>
            <subfield code="c">1914-</subfield>
        </datafield>
        <datafield tag="300" ind1=" " ind2=" ">
            <subfield code="a">v.</subfield>
            <subfield code="b">front., ports., maps, fold. plan, fold. tables (in pocket)</subfield>
            <subfield code="c">25 cm.</subfield>
        </datafield>
        <datafield tag="500" ind1=" " ind2=" ">
            <subfield code="a">Part of folded maps in pocket.</subfield>
            <subfield code="5">FTaSU</subfield>
        </datafield>
        <datafield tag="500" ind1=" " ind2=" ">
            <subfield code="a">&quot;Publié sous la direction de la Section historique de
                l'État-major de l'armée.&quot;</subfield>
            <subfield code="5">FTaSU</subfield>
        </datafield>
        <datafield tag="504" ind1=" " ind2=" ">
            <subfield code="a">&quot;Bibliographie&quot; : v. 1, p. [xlv]-lxi.</subfield>
        </datafield>
        <datafield tag="651" ind1=" " ind2="0">
            <subfield code="a">Spain</subfield>
            <subfield code="x">History</subfield>
            <subfield code="y">Napoleonic Conquest, 1808-1813.</subfield>
        </datafield>
        <datafield tag="710" ind1="1" ind2=" ">
            <subfield code="a">France.</subfield>
            <subfield code="b">Armée.</subfield>
            <subfield code="b">État-Major.</subfield>
        </datafield>
        <datafield tag="852" ind1="0" ind2=" ">
            <subfield code="a">FTaSU</subfield>
            <subfield code="b">FSUSP</subfield>
            <subfield code="c">NAP</subfield>
            <subfield code="h">DP205</subfield>
            <subfield code="i">.G7 1914</subfield>
        </datafield>
        <datafield tag="866" ind1="3" ind2="1">
            <subfield code="b">FSU STROZIER, Special Coll</subfield>
            <subfield code="c">Napoleon</subfield>
            <subfield code="h">DP205</subfield>
            <subfield code="i">.G7 1914</subfield>
            <subfield code="a">v. 1-3</subfield>
        </datafield>
        <datafield tag="852" ind1="0" ind2=" ">
            <subfield code="a">FTaSU</subfield>
            <subfield code="b">FSUSP</subfield>
            <subfield code="c">NAP</subfield>
            <subfield code="h">DP205</subfield>
            <subfield code="i">.G7 1914</subfield>
        </datafield>
        <datafield tag="951" ind1=" " ind2=" ">
            <subfield code="1">05</subfield>
            <subfield code="a">FSU01:000621461;</subfield>
            <subfield code="5">FTaSU</subfield>
        </datafield>
        <datafield tag="999" ind1=" " ind2=" ">
            <subfield code="a">ACT0809001</subfield>
        </datafield>
    </record>