
    <record>
        <leader>00953nam a2200229K 4500</leader>
        <controlfield tag="001">024555989</controlfield>
        <controlfield tag="004">FSACT0962001</controlfield>
        <controlfield tag="005">20120623012100.0</controlfield>
        <controlfield tag="008">850831s1913 fr bc 000|0bfre d</controlfield>
        <datafield tag="035" ind1=" " ind2=" ">
            <subfield code="a">(OCoLC)12460533</subfield>
        </datafield>
        <datafield tag="040" ind1=" " ind2=" ">
            <subfield code="a">DRB</subfield>
            <subfield code="c">DRB</subfield>
        </datafield>
        <datafield tag="050" ind1=" " ind2=" ">
            <subfield code="a">DC137.5.D13</subfield>
            <subfield code="b">C56 1913</subfield>
        </datafield>
        <datafield tag="100" ind1="1" ind2=" ">
            <subfield code="a">Chuquet, Arthur,</subfield>
            <subfield code="d">1853-1925.</subfield>
        </datafield>
        <datafield tag="245" ind1="0" ind2="3">
            <subfield code="a">Le général Dagobert (1736-1794).</subfield>
            <subfield code="b">L'armée sous l'ancien régime et sous la révolution. Nice et Sospel.
                Les combats devant Perpignan. La conquête de la Cerdagne. Représentants et généraux
                à l'armée des Pyrénées-orientalis. La seu d'urgel.</subfield>
        </datafield>
        <datafield tag="260" ind1=" " ind2=" ">
            <subfield code="a">Paris,</subfield>
            <subfield code="b">Fontemoing et cie,</subfield>
            <subfield code="c">1913..</subfield>
        </datafield>
        <datafield tag="300" ind1=" " ind2=" ">
            <subfield code="a">472 p.</subfield>
            <subfield code="b">front. (port.) map.</subfield>
            <subfield code="c">23 cm.</subfield>
        </datafield>
        <datafield tag="600" ind1="1" ind2="0">
            <subfield code="a">Dagobert de Fontenelle, Auguste,</subfield>
            <subfield code="d">1736-1794.</subfield>
        </datafield>
        <datafield tag="651" ind1=" " ind2="0">
            <subfield code="a">France</subfield>
            <subfield code="x">History, Military.</subfield>
        </datafield>
        <datafield tag="852" ind1="0" ind2=" ">
            <subfield code="a">FTaSU</subfield>
            <subfield code="b">FSUSP</subfield>
            <subfield code="c">NAP</subfield>
            <subfield code="h">DC137.5.D13</subfield>
            <subfield code="i">C56 1913</subfield>
        </datafield>
        <datafield tag="852" ind1="0" ind2=" ">
            <subfield code="a">FTaSU</subfield>
            <subfield code="b">FSUSP</subfield>
            <subfield code="c">NAP</subfield>
            <subfield code="h">DC137.5.D13</subfield>
            <subfield code="i">C56 1913</subfield>
        </datafield>
        <datafield tag="951" ind1=" " ind2=" ">
            <subfield code="1">05</subfield>
            <subfield code="a">FSU01:000621604;</subfield>
            <subfield code="5">FTaSU</subfield>
        </datafield>
        <datafield tag="999" ind1=" " ind2=" ">
            <subfield code="a">ACT0962001</subfield>
        </datafield>
    </record>