
    <record>
        <leader>00779nam a2200241I 4500</leader>
        <controlfield tag="001">024556115</controlfield>
        <controlfield tag="004">FSACT0966001</controlfield>
        <controlfield tag="005">20110620082556.0</controlfield>
        <controlfield tag="008">850906s1930 fr acf 000|0 frem </controlfield>
        <datafield tag="010" ind1=" " ind2=" ">
            <subfield code="a"> 30028696 </subfield>
        </datafield>
        <datafield tag="035" ind1=" " ind2=" ">
            <subfield code="a">(OCoLC)12498345</subfield>
        </datafield>
        <datafield tag="040" ind1=" " ind2=" ">
            <subfield code="a">DLC</subfield>
            <subfield code="c">DRB</subfield>
            <subfield code="d">DRB</subfield>
        </datafield>
        <datafield tag="090" ind1=" " ind2=" ">
            <subfield code="a">DC146.B3</subfield>
            <subfield code="b">A6 1930</subfield>
        </datafield>
        <datafield tag="100" ind1="1" ind2=" ">
            <subfield code="a">Alméras, Henri d',</subfield>
            <subfield code="d">1861-1938.</subfield>
        </datafield>
        <datafield tag="245" ind1="1" ind2="0">
            <subfield code="a">Barras et son temps;</subfield>
            <subfield code="b">scènes et portraits ...</subfield>
        </datafield>
        <datafield tag="260" ind1=" " ind2=" ">
            <subfield code="a">Paris,</subfield>
            <subfield code="b">A. Michel</subfield>
            <subfield code="c">[1930]</subfield>
        </datafield>
        <datafield tag="300" ind1=" " ind2=" ">
            <subfield code="a">2 p. l., 388 p., 3 l.</subfield>
            <subfield code="b">illus., plates, ports.</subfield>
            <subfield code="c">22 cm.</subfield>
        </datafield>
        <datafield tag="600" ind1="1" ind2="0">
            <subfield code="a">Barras, Paul,</subfield>
            <subfield code="c">vicomte de,</subfield>
            <subfield code="d">1755-1829.</subfield>
        </datafield>
        <datafield tag="651" ind1=" " ind2="0">
            <subfield code="a">France</subfield>
            <subfield code="x">History</subfield>
            <subfield code="y">1789-1815.</subfield>
        </datafield>
        <datafield tag="852" ind1="0" ind2=" ">
            <subfield code="a">FTaSU</subfield>
            <subfield code="b">FSRS2</subfield>
            <subfield code="c">GEN</subfield>
            <subfield code="h">DC146.B3</subfield>
            <subfield code="i">A6 1930</subfield>
        </datafield>
        <datafield tag="852" ind1="0" ind2=" ">
            <subfield code="a">FTaSU</subfield>
            <subfield code="b">FSRS2</subfield>
            <subfield code="c">GEN</subfield>
            <subfield code="h">DC146.B3</subfield>
            <subfield code="i">A6 1930</subfield>
        </datafield>
        <datafield tag="951" ind1=" " ind2=" ">
            <subfield code="1">05</subfield>
            <subfield code="a">FSU01:000621608;</subfield>
            <subfield code="5">FTaSU</subfield>
        </datafield>
        <datafield tag="999" ind1=" " ind2=" ">
            <subfield code="a">ACT0966001</subfield>
        </datafield>
    </record>