
    <record>
        <leader>00744nam a2200229K 4500</leader>
        <controlfield tag="001">024556150</controlfield>
        <controlfield tag="004">FSACT0968001</controlfield>
        <controlfield tag="005">20120623012100.0</controlfield>
        <controlfield tag="008">850911s1927 fr 000|0bfre d</controlfield>
        <datafield tag="035" ind1=" " ind2=" ">
            <subfield code="a">(OCoLC)12535540</subfield>
        </datafield>
        <datafield tag="040" ind1=" " ind2=" ">
            <subfield code="a">DRB</subfield>
            <subfield code="c">DRB</subfield>
        </datafield>
        <datafield tag="090" ind1=" " ind2=" ">
            <subfield code="a">DC216.1</subfield>
            <subfield code="b">.M415 1927</subfield>
        </datafield>
        <datafield tag="100" ind1="1" ind2=" ">
            <subfield code="a">Masson, Frédéric,</subfield>
            <subfield code="d">1847-1923.</subfield>
        </datafield>
        <datafield tag="245" ind1="0" ind2="0">
            <subfield code="a">Mme. Bonaparte (1796-1804)</subfield>
        </datafield>
        <datafield tag="260" ind1=" " ind2=" ">
            <subfield code="a">Paris,</subfield>
            <subfield code="b">A. Michel</subfield>
            <subfield code="c">[1927?]</subfield>
        </datafield>
        <datafield tag="300" ind1=" " ind2=" ">
            <subfield code="a">xix, 398 [1] p.</subfield>
            <subfield code="c">23 cm.</subfield>
        </datafield>
        <datafield tag="500" ind1=" " ind2=" ">
            <subfield code="a">On cover: 5. édition.</subfield>
            <subfield code="5">FTaSU</subfield>
        </datafield>
        <datafield tag="600" ind1="0" ind2="0">
            <subfield code="a">Josephine,</subfield>
            <subfield code="c">Empress, consort of Napoleon I, Emperor of the French,</subfield>
            <subfield code="d">1763-1814.</subfield>
        </datafield>
        <datafield tag="852" ind1="0" ind2=" ">
            <subfield code="a">FTaSU</subfield>
            <subfield code="b">FSUSP</subfield>
            <subfield code="c">NAP</subfield>
            <subfield code="h">DC216.1</subfield>
            <subfield code="i">.M415 1927</subfield>
        </datafield>
        <datafield tag="852" ind1="0" ind2=" ">
            <subfield code="a">FTaSU</subfield>
            <subfield code="b">FSUSP</subfield>
            <subfield code="c">NAP</subfield>
            <subfield code="h">DC216.1</subfield>
            <subfield code="i">.M415 1927</subfield>
        </datafield>
        <datafield tag="951" ind1=" " ind2=" ">
            <subfield code="1">05</subfield>
            <subfield code="a">FSU01:000621609;</subfield>
            <subfield code="5">FTaSU</subfield>
        </datafield>
        <datafield tag="999" ind1=" " ind2=" ">
            <subfield code="a">ACT0968001</subfield>
        </datafield>
    </record>