
    <record>
        <leader>01321cam a2200349Ia 4500</leader>
        <controlfield tag="001">024602506</controlfield>
        <controlfield tag="005">20120619095722.0</controlfield>
        <controlfield tag="008">111018s2011 be af b 001 0 eng d</controlfield>
        <datafield tag="015" ind1=" " ind2=" ">
            <subfield code="a">GBB1C4760</subfield>
            <subfield code="2">bnb</subfield>
        </datafield>
        <datafield tag="016" ind1="7" ind2=" ">
            <subfield code="a">015956480</subfield>
            <subfield code="2">Uk</subfield>
        </datafield>
        <datafield tag="019" ind1=" " ind2=" ">
            <subfield code="a">642845275</subfield>
        </datafield>
        <datafield tag="020" ind1=" " ind2=" ">
            <subfield code="a">9782503524313 (hbk.)</subfield>
        </datafield>
        <datafield tag="020" ind1=" " ind2=" ">
            <subfield code="a">2503524311 (hbk.)</subfield>
        </datafield>
        <datafield tag="035" ind1=" " ind2=" ">
            <subfield code="a">(OCoLC)758984611</subfield>
        </datafield>
        <datafield tag="040" ind1=" " ind2=" ">
            <subfield code="a">UKMGB</subfield>
            <subfield code="b">eng</subfield>
            <subfield code="c">UKMGB</subfield>
            <subfield code="d">OHX</subfield>
            <subfield code="d">HLS</subfield>
            <subfield code="d">NUI</subfield>
            <subfield code="d">BTCTA</subfield>
            <subfield code="d">YDXCP</subfield>
            <subfield code="d">ERASA</subfield>
            <subfield code="d">BWX</subfield>
            <subfield code="d">FDA</subfield>
        </datafield>
        <datafield tag="050" ind1=" " ind2="4">
            <subfield code="a">PR830.D37</subfield>
            <subfield code="b">R66 2011</subfield>
        </datafield>
        <datafield tag="082" ind1="0" ind2="4">
            <subfield code="a">820.935480902</subfield>
            <subfield code="2">23</subfield>
        </datafield>
        <datafield tag="100" ind1="1" ind2=" ">
            <subfield code="a">Rooney, Kenneth.</subfield>
        </datafield>
        <datafield tag="245" ind1="1" ind2="0">
            <subfield code="a">Mortality and imagination :</subfield>
            <subfield code="b">the life of the dead in medieval English literature /</subfield>
            <subfield code="c">by Kenneth Rooney.</subfield>
        </datafield>
        <datafield tag="246" ind1="3" ind2="0">
            <subfield code="a">Life of the dead in medieval English literature</subfield>
        </datafield>
        <datafield tag="260" ind1=" " ind2=" ">
            <subfield code="a">Turnhout :</subfield>
            <subfield code="b">Brepols,</subfield>
            <subfield code="c">c2011.</subfield>
        </datafield>
        <datafield tag="300" ind1=" " ind2=" ">
            <subfield code="a">x, 304 p., [5] p. of plates :</subfield>
            <subfield code="b">ill. (some col.) ;</subfield>
            <subfield code="c">24 cm.</subfield>
        </datafield>
        <datafield tag="490" ind1="1" ind2=" ">
            <subfield code="a">Disputatio ;</subfield>
            <subfield code="v">v. 12</subfield>
            <subfield code="5">FTaSU</subfield>
        </datafield>
        <datafield tag="504" ind1=" " ind2=" ">
            <subfield code="a">Includes bibliographical references (p. [277]-295) and
                index.</subfield>
        </datafield>
        <datafield tag="650" ind1=" " ind2="0">
            <subfield code="a">Dead in literature.</subfield>
        </datafield>
        <datafield tag="650" ind1=" " ind2="0">
            <subfield code="a">Immortality in literature.</subfield>
        </datafield>
        <datafield tag="650" ind1=" " ind2="0">
            <subfield code="a">Horror in literature.</subfield>
        </datafield>
        <datafield tag="650" ind1=" " ind2="0">
            <subfield code="a">English literature</subfield>
            <subfield code="y">Middle English, 1100-1500</subfield>
            <subfield code="x">History and criticism.</subfield>
        </datafield>
        <datafield tag="830" ind1=" " ind2="0">
            <subfield code="a">Disputatio ;</subfield>
            <subfield code="v">v. 12.</subfield>
        </datafield>
        <datafield tag="852" ind1="0" ind2=" ">
            <subfield code="a">FTaSU</subfield>
            <subfield code="b">FSULC</subfield>
            <subfield code="c">GEN</subfield>
            <subfield code="h">PR830.D37</subfield>
            <subfield code="i">R66 2011</subfield>
        </datafield>
        <datafield tag="852" ind1="0" ind2=" ">
            <subfield code="a">FTaSU</subfield>
            <subfield code="b">FSULC</subfield>
            <subfield code="c">GEN</subfield>
            <subfield code="h">PR830.D37</subfield>
            <subfield code="i">R66 2011</subfield>
        </datafield>
        <datafield tag="951" ind1=" " ind2=" ">
            <subfield code="1">05</subfield>
            <subfield code="a">FSU01:003154114;</subfield>
            <subfield code="5">FTaSU</subfield>
        </datafield>
    </record>