
    <record>
        <leader>01102nam a2200277I 4500</leader>
        <controlfield tag="001">024712227</controlfield>
        <controlfield tag="004">FSAAU4923001</controlfield>
        <controlfield tag="005">20140521124400.0</controlfield>
        <controlfield tag="008">741017 1968 | fre c</controlfield>
        <datafield tag="010" ind1=" " ind2=" ">
            <subfield code="a"> 78434684 </subfield>
        </datafield>
        <datafield tag="035" ind1=" " ind2=" ">
            <subfield code="a">(OCoLC)01043642</subfield>
        </datafield>
        <datafield tag="040" ind1=" " ind2=" ">
            <subfield code="a">Case Western Univ Lib</subfield>
        </datafield>
        <datafield tag="090" ind1=" " ind2=" ">
            <subfield code="a">DC146.M7</subfield>
            <subfield code="b">M54</subfield>
        </datafield>
        <datafield tag="245" ind1="0" ind2="4">
            <subfield code="a">Les Mirabeau et leur temps,</subfield>
            <subfield code="c">actes du Colloque d'Aix-en-Provence, 17 et 18 décembre
                1966.</subfield>
        </datafield>
        <datafield tag="260" ind1=" " ind2=" ">
            <subfield code="a">Paris,</subfield>
            <subfield code="b">Clavreuil,</subfield>
            <subfield code="c">1968.</subfield>
        </datafield>
        <datafield tag="300" ind1=" " ind2=" ">
            <subfield code="a">253 p.</subfield>
            <subfield code="c">25 cm.</subfield>
        </datafield>
        <datafield tag="500" ind1=" " ind2=" ">
            <subfield code="a">At head of title: Société des études robespierristes. Centre aixois
                d'études et de recherches sur le XVIIIe siècle.</subfield>
            <subfield code="5">FTaSU</subfield>
        </datafield>
        <datafield tag="504" ind1=" " ind2=" ">
            <subfield code="a">Bibliograhical footnotes.</subfield>
        </datafield>
        <datafield tag="600" ind1="1" ind2="0">
            <subfield code="a">Mirabeau, Honoré-Gabriel de Riqueti,</subfield>
            <subfield code="c">comte de,</subfield>
            <subfield code="d">1749-1791.</subfield>
        </datafield>
        <datafield tag="600" ind1="1" ind2="0">
            <subfield code="a">Mirabeau, Victor de Riquetti,</subfield>
            <subfield code="c">marquis de,</subfield>
            <subfield code="d">1715-1789.</subfield>
        </datafield>
        <datafield tag="710" ind1="2" ind2=" ">
            <subfield code="a">Société des études robespierristes.</subfield>
        </datafield>
        <datafield tag="710" ind1="2" ind2=" ">
            <subfield code="a">Centre aixois d'études et de recherches sur le XVIIIe
                siècle.</subfield>
        </datafield>
        <datafield tag="852" ind1="0" ind2=" ">
            <subfield code="a">FTaSU</subfield>
            <subfield code="b">FSULC</subfield>
            <subfield code="c">SUB</subfield>
            <subfield code="h">DC146.M7</subfield>
            <subfield code="i">M54</subfield>
        </datafield>
        <datafield tag="852" ind1="0" ind2=" ">
            <subfield code="a">FTaSU</subfield>
            <subfield code="b">FSULC</subfield>
            <subfield code="c">SUB</subfield>
            <subfield code="h">DC146.M7</subfield>
            <subfield code="i">M54</subfield>
        </datafield>
        <datafield tag="951" ind1=" " ind2=" ">
            <subfield code="1">05</subfield>
            <subfield code="a">FSU01:000179872;</subfield>
            <subfield code="5">FTaSU</subfield>
        </datafield>
        <datafield tag="999" ind1=" " ind2=" ">
            <subfield code="a">AAU4923001</subfield>
        </datafield>
    </record>