
    <record>
        <leader>01271cam a2200361 a 45e0</leader>
        <controlfield tag="001">025055545</controlfield>
        <controlfield tag="005">19960513160730.0</controlfield>
        <controlfield tag="008">981106s1983 nyu 001 0 eng </controlfield>
        <datafield tag="010" ind1=" " ind2=" ">
            <subfield code="a">83007129 //r95</subfield>
        </datafield>
        <datafield tag="019" ind1=" " ind2=" ">
            <subfield code="a">10291798</subfield>
        </datafield>
        <datafield tag="020" ind1=" " ind2=" ">
            <subfield code="a">0517415240 (Bonanza) :</subfield>
            <subfield code="c">$17.95</subfield>
        </datafield>
        <datafield tag="020" ind1=" " ind2=" ">
            <subfield code="a">0517551969</subfield>
        </datafield>
        <datafield tag="035" ind1=" " ind2=" ">
            <subfield code="a">(OCoLC)09576079</subfield>
        </datafield>
        <datafield tag="040" ind1=" " ind2=" ">
            <subfield code="a">DLC</subfield>
            <subfield code="c">DLC</subfield>
            <subfield code="d">IMD</subfield>
            <subfield code="d">FSJ</subfield>
        </datafield>
        <datafield tag="043" ind1=" " ind2=" ">
            <subfield code="a">e-fr---</subfield>
        </datafield>
        <datafield tag="050" ind1="0" ind2=" ">
            <subfield code="a">DC201</subfield>
            <subfield code="b">.H45 1983</subfield>
        </datafield>
        <datafield tag="082" ind1="0" ind2="0">
            <subfield code="a">944.04</subfield>
            <subfield code="2">19</subfield>
        </datafield>
        <datafield tag="092" ind1="0" ind2=" ">
            <subfield code="a">944.04</subfield>
            <subfield code="b">Her</subfield>
        </datafield>
        <datafield tag="100" ind1="1" ind2=" ">
            <subfield code="a">Herold, J. Christopher.</subfield>
        </datafield>
        <datafield tag="245" ind1="1" ind2="4">
            <subfield code="a">The Horizon book of the age of Napoleon /</subfield>
            <subfield code="c">by the editors of Horizon magazine ; editor in charge, Marshall B.
                Davidson ; author, J. Christopher Herold.</subfield>
        </datafield>
        <datafield tag="260" ind1=" " ind2=" ">
            <subfield code="a">New York :</subfield>
            <subfield code="b">American Pub. Co. :</subfield>
            <subfield code="b">Bonanza Books,</subfield>
            <subfield code="c">1983.</subfield>
        </datafield>
        <datafield tag="300" ind1=" " ind2=" ">
            <subfield code="a">420 p. ;</subfield>
            <subfield code="c">28 cm.</subfield>
        </datafield>
        <datafield tag="500" ind1=" " ind2=" ">
            <subfield code="a">Includes index.</subfield>
            <subfield code="5">FTaFA</subfield>
            <subfield code="5">FTaSU</subfield>
        </datafield>
        <datafield tag="590" ind1=" " ind2=" ">
            <subfield code="a">1984, 3394.</subfield>
            <subfield code="5">FTaSU</subfield>
        </datafield>
        <datafield tag="600" ind1="0" ind2="0">
            <subfield code="a">Napoleon</subfield>
            <subfield code="b">I,</subfield>
            <subfield code="c">Emperor of the French,</subfield>
            <subfield code="d">1769-1821.</subfield>
        </datafield>
        <datafield tag="651" ind1=" " ind2="0">
            <subfield code="a">France</subfield>
            <subfield code="x">History</subfield>
            <subfield code="y">Consulate and First Empire, 1799-1815.</subfield>
        </datafield>
        <datafield tag="700" ind1="1" ind2=" ">
            <subfield code="a">Davidson, Marshall B.</subfield>
        </datafield>
        <datafield tag="730" ind1="0" ind2="1">
            <subfield code="a">Horizon (New York, N.Y.)</subfield>
        </datafield>
        <datafield tag="740" ind1="0" ind2=" ">
            <subfield code="a">Age of Napoleon.</subfield>
        </datafield>
        <datafield tag="852" ind1="0" ind2=" ">
            <subfield code="a">FSR</subfield>
            <subfield code="b">FSRIN</subfield>
            <subfield code="c">GEN</subfield>
            <subfield code="h">DC 201</subfield>
            <subfield code="i">.H45 1983</subfield>
        </datafield>
        <datafield tag="852" ind1="0" ind2=" ">
            <subfield code="a">FSR</subfield>
            <subfield code="b">FSRIN</subfield>
            <subfield code="c">GEN</subfield>
            <subfield code="h">DC 201</subfield>
            <subfield code="i">.H45 1983</subfield>
        </datafield>
        <datafield tag="951" ind1=" " ind2=" ">
            <subfield code="1">01</subfield>
            <subfield code="a">AMU01:000168806;</subfield>
            <subfield code="5">FTaFA</subfield>
        </datafield>
        <datafield tag="951" ind1=" " ind2=" ">
            <subfield code="1">05</subfield>
            <subfield code="a">FSU01:003201496;</subfield>
            <subfield code="5">FTaSU</subfield>
        </datafield>
    </record>