
    <record>
        <leader>03063cam a2200553 a 4500</leader>
        <controlfield tag="001">025211823</controlfield>
        <controlfield tag="004">FSACV7154001</controlfield>
        <controlfield tag="005">20120330153451.0</controlfield>
        <controlfield tag="008">900621s1899 fr d 000 0cfre </controlfield>
        <datafield tag="010" ind1=" " ind2=" ">
            <subfield code="a">04021542</subfield>
        </datafield>
        <datafield tag="019" ind1=" " ind2=" ">
            <subfield code="a">5796542</subfield>
            <subfield code="a">30335409</subfield>
            <subfield code="a">153999528</subfield>
        </datafield>
        <datafield tag="035" ind1=" " ind2=" ">
            <subfield code="a">(OCoLC)01124052</subfield>
        </datafield>
        <datafield tag="040" ind1=" " ind2=" ">
            <subfield code="a">DLC</subfield>
            <subfield code="c">DLC</subfield>
            <subfield code="d">OCLCG</subfield>
            <subfield code="d">KRTAS</subfield>
            <subfield code="d">VT2</subfield>
            <subfield code="d">UBA</subfield>
            <subfield code="d">NLGGC</subfield>
            <subfield code="d">RLINP</subfield>
            <subfield code="d">FUG</subfield>
        </datafield>
        <datafield tag="043" ind1=" " ind2=" ">
            <subfield code="a">e-fr---</subfield>
        </datafield>
        <datafield tag="050" ind1=" " ind2=" ">
            <subfield code="a">DC147</subfield>
            <subfield code="b">.R65 1899</subfield>
        </datafield>
        <datafield tag="050" ind1="1" ind2="0">
            <subfield code="a">DC147</subfield>
            <subfield code="b">.R65</subfield>
        </datafield>
        <datafield tag="051" ind1=" " ind2=" ">
            <subfield code="a">Thacher FR540 Copy 2</subfield>
            <subfield code="c">Imperfect: v. 2 wanting all before p. 3 and all after p. 864. Unbound
                in a box measuring 27 cm.</subfield>
        </datafield>
        <datafield tag="051" ind1=" " ind2=" ">
            <subfield code="a">Thacher FR540</subfield>
        </datafield>
        <datafield tag="100" ind1="1" ind2=" ">
            <subfield code="a">Robinet,</subfield>
            <subfield code="c">Dr.</subfield>
            <subfield code="q">(Jean François Eugène),</subfield>
            <subfield code="d">1825-1899.</subfield>
        </datafield>
        <datafield tag="245" ind1="1" ind2="0">
            <subfield code="a">Dictionnaire historique et biographique de la révolution et de
                l'empire, 1789-1815 ... :</subfield>
            <subfield code="b">ouvrage rédigé pour l'histoire générale /</subfield>
            <subfield code="c">par la Dr. Robinet ; pour la partie descriptive et biographique par
                Adolphe Robert ; pour les matières constitutionnelles et législatives par J. Le
                Chaplain.</subfield>
        </datafield>
        <datafield tag="260" ind1=" " ind2=" ">
            <subfield code="a">Paris :</subfield>
            <subfield code="b">Librairie historique de la révolution et de l'empire</subfield>
            <subfield code="c">[1899]</subfield>
        </datafield>
        <datafield tag="300" ind1=" " ind2=" ">
            <subfield code="a">2 v. ;</subfield>
            <subfield code="c">25 cm.</subfield>
        </datafield>
        <datafield tag="505" ind1="0" ind2=" ">
            <subfield code="a">v. 1. A-F -- v. 2. G-Z.</subfield>
            <subfield code="5">FU</subfield>
        </datafield>
        <datafield tag="510" ind1="4" ind2=" ">
            <subfield code="a">Thacher,</subfield>
            <subfield code="c">II, p. 83 (French Revolution)</subfield>
        </datafield>
        <datafield tag="530" ind1=" " ind2=" ">
            <subfield code="a">Also issued online.</subfield>
            <subfield code="5">FU</subfield>
        </datafield>
        <datafield tag="583" ind1=" " ind2=" ">
            <subfield code="a">Replace;</subfield>
            <subfield code="z">LC copy replaced by preservation microfilm</subfield>
            <subfield code="5">DLC</subfield>
            <subfield code="5">FU</subfield>
        </datafield>
        <datafield tag="650" ind1=" " ind2="7">
            <subfield code="a">Historia Da Europa.</subfield>
            <subfield code="2">larpcal</subfield>
        </datafield>
        <datafield tag="651" ind1=" " ind2="0">
            <subfield code="a">France</subfield>
            <subfield code="x">History</subfield>
            <subfield code="y">Revolution, 1789-1799</subfield>
            <subfield code="v">Dictionaries.</subfield>
        </datafield>
        <datafield tag="651" ind1=" " ind2="0">
            <subfield code="a">France</subfield>
            <subfield code="x">History</subfield>
            <subfield code="y">Consulate and First Empire, 1799-1815</subfield>
            <subfield code="v">Dictionaries.</subfield>
        </datafield>
        <datafield tag="651" ind1=" " ind2="0">
            <subfield code="a">France</subfield>
            <subfield code="x">History</subfield>
            <subfield code="y">Consulate and First Empire, 1799-1815.</subfield>
        </datafield>
        <datafield tag="651" ind1=" " ind2="0">
            <subfield code="a">France</subfield>
            <subfield code="x">Biography</subfield>
            <subfield code="v">Dictionaries.</subfield>
        </datafield>
        <datafield tag="651" ind1=" " ind2="7">
            <subfield code="a">France</subfield>
            <subfield code="z">1789-1799 (Révolution)</subfield>
            <subfield code="x">Biographies</subfield>
            <subfield code="x">Dictionnaires.</subfield>
            <subfield code="2">ram</subfield>
        </datafield>
        <datafield tag="651" ind1=" " ind2="7">
            <subfield code="a">France</subfield>
            <subfield code="z">1799-1815 (Consulat et Empire)</subfield>
            <subfield code="x">Biographies</subfield>
            <subfield code="x">Dictionnaires.</subfield>
            <subfield code="2">ram</subfield>
        </datafield>
        <datafield tag="700" ind1="1" ind2=" ">
            <subfield code="a">Robert, Adolphe,</subfield>
            <subfield code="d">b. 1833.</subfield>
        </datafield>
        <datafield tag="700" ind1="1" ind2=" ">
            <subfield code="a">Le Chaplain, J.</subfield>
            <subfield code="q">(Julien)</subfield>
        </datafield>
        <datafield tag="700" ind1="1" ind2=" ">
            <subfield code="a">Le Chaplain, J.</subfield>
            <subfield code="q">(Julien),</subfield>
            <subfield code="e">joint author.</subfield>
        </datafield>
        <datafield tag="700" ind1="1" ind2=" ">
            <subfield code="a">Robert, Adolphe,</subfield>
            <subfield code="d">1833-</subfield>
            <subfield code="e">joint author.</subfield>
        </datafield>
        <datafield tag="710" ind1="2" ind2=" ">
            <subfield code="a">John Boyd Thacher Collection (Library of Congress)</subfield>
            <subfield code="5">DLC</subfield>
        </datafield>
        <datafield tag="776" ind1="0" ind2="8">
            <subfield code="i">Online version:</subfield>
            <subfield code="a">Robinet, Dr. (Jean François Eugène), 1825-1899.</subfield>
            <subfield code="t">Dictionnaire historique et biographique de la révolution et de
                l'empire, 1789-1815 ..</subfield>
            <subfield code="d">Paris : Librairie historique de la révolution et de l'empire
                [1899]</subfield>
            <subfield code="w">(OCoLC)563872548</subfield>
        </datafield>
        <datafield tag="776" ind1="0" ind2="8">
            <subfield code="i">Online version:</subfield>
            <subfield code="a">Robinet, Dr. (Jean François Eugène), 1825-1899.</subfield>
            <subfield code="t">Dictionnaire historique et biographique de la révolution et de
                l'empire, 1789-1815 ..</subfield>
            <subfield code="d">Paris : Librairie historique de la révolution et de l'empire
                [1899]</subfield>
            <subfield code="w">(OCoLC)613012851</subfield>
        </datafield>
        <datafield tag="852" ind1="0" ind2=" ">
            <subfield code="a">FTaSU</subfield>
            <subfield code="b">FSUSP</subfield>
            <subfield code="c">NAPR</subfield>
            <subfield code="h">DC147</subfield>
            <subfield code="i">.R65 1899</subfield>
        </datafield>
        <datafield tag="866" ind1="3" ind2="1">
            <subfield code="b">FSU STROZIER, Special Coll</subfield>
            <subfield code="c">Napoleon Reference</subfield>
            <subfield code="h">DC147</subfield>
            <subfield code="i">.R65 1899</subfield>
            <subfield code="a">v. 1-2</subfield>
        </datafield>
        <datafield tag="852" ind1="0" ind2=" ">
            <subfield code="a">FU</subfield>
            <subfield code="b">UFSPE</subfield>
            <subfield code="c">RARE</subfield>
            <subfield code="h">DC147</subfield>
            <subfield code="i">.R65</subfield>
        </datafield>
        <datafield tag="866" ind1="3" ind2="1">
            <subfield code="b">UF SMATHERS, Special Coll</subfield>
            <subfield code="c">Rare Books (Non-Circulating)</subfield>
            <subfield code="h">DC147</subfield>
            <subfield code="i">.R65</subfield>
            <subfield code="a">v.1-2</subfield>
        </datafield>
        <datafield tag="852" ind1="0" ind2=" ">
            <subfield code="a">FTaSU</subfield>
            <subfield code="b">FSUSP</subfield>
            <subfield code="c">NAPR</subfield>
            <subfield code="h">DC147</subfield>
            <subfield code="i">.R65 1899</subfield>
        </datafield>
        <datafield tag="852" ind1="0" ind2=" ">
            <subfield code="a">FU</subfield>
            <subfield code="b">UFSPE</subfield>
            <subfield code="c">RARE</subfield>
            <subfield code="h">DC147</subfield>
            <subfield code="i">.R65</subfield>
        </datafield>
        <datafield tag="951" ind1=" " ind2=" ">
            <subfield code="1">05</subfield>
            <subfield code="a">FSU01:000646227;</subfield>
            <subfield code="5">FTaSU</subfield>
        </datafield>
        <datafield tag="951" ind1=" " ind2=" ">
            <subfield code="1">08</subfield>
            <subfield code="a">UFU01:003436557;</subfield>
            <subfield code="5">FU</subfield>
        </datafield>
        <datafield tag="999" ind1=" " ind2=" ">
            <subfield code="a">ACV7154001</subfield>
        </datafield>
    </record>