
    <record>
        <leader>00738nam a2200229I 4500</leader>
        <controlfield tag="001">025412603</controlfield>
        <controlfield tag="004">FSACW6068001</controlfield>
        <controlfield tag="005">20120623021500.0</controlfield>
        <controlfield tag="008">751122s1915 enkc 000|0deng d</controlfield>
        <datafield tag="035" ind1=" " ind2=" ">
            <subfield code="a">(OCoLC)01848563</subfield>
        </datafield>
        <datafield tag="040" ind1=" " ind2=" ">
            <subfield code="a">CSU</subfield>
            <subfield code="c">CSU</subfield>
        </datafield>
        <datafield tag="090" ind1=" " ind2=" ">
            <subfield code="a">DC186.5</subfield>
            <subfield code="b">.H32 1915</subfield>
        </datafield>
        <datafield tag="100" ind1="1" ind2=" ">
            <subfield code="a">Hall, John Richard,</subfield>
            <subfield code="c">Sir,</subfield>
            <subfield code="d">1865-1928.</subfield>
        </datafield>
        <datafield tag="245" ind1="0" ind2="0">
            <subfield code="a">General Pichegru's treason.</subfield>
        </datafield>
        <datafield tag="260" ind1=" " ind2=" ">
            <subfield code="a">London,</subfield>
            <subfield code="b">Smith, Elder &amp; co.,</subfield>
            <subfield code="c">1915.</subfield>
        </datafield>
        <datafield tag="300" ind1=" " ind2=" ">
            <subfield code="a">362p.</subfield>
            <subfield code="b">front.,ports.</subfield>
            <subfield code="c">23cm.</subfield>
        </datafield>
        <datafield tag="600" ind1="1" ind2="0">
            <subfield code="a">Pichegru, Charles,</subfield>
            <subfield code="d">1761-1804</subfield>
        </datafield>
        <datafield tag="651" ind1=" " ind2="0">
            <subfield code="a">France</subfield>
            <subfield code="x">History</subfield>
            <subfield code="y">Consulate and First Empire, 1799-1815.</subfield>
        </datafield>
        <datafield tag="852" ind1="0" ind2=" ">
            <subfield code="a">FTaSU</subfield>
            <subfield code="b">FSUSP</subfield>
            <subfield code="c">NAP</subfield>
            <subfield code="h">DC186.5</subfield>
            <subfield code="i">.H32 1915</subfield>
        </datafield>
        <datafield tag="852" ind1="0" ind2=" ">
            <subfield code="a">FTaSU</subfield>
            <subfield code="b">FSUSP</subfield>
            <subfield code="c">NAP</subfield>
            <subfield code="h">DC186.5</subfield>
            <subfield code="i">.H32 1915</subfield>
        </datafield>
        <datafield tag="951" ind1=" " ind2=" ">
            <subfield code="1">05</subfield>
            <subfield code="a">FSU01:000654451;</subfield>
            <subfield code="5">FTaSU</subfield>
        </datafield>
        <datafield tag="999" ind1=" " ind2=" ">
            <subfield code="a">ACW6068001</subfield>
        </datafield>
    </record>