
    <record>
        <leader>02022cem a2200517Ia 4500</leader>
        <controlfield tag="001">025427930</controlfield>
        <controlfield tag="004">FSAJD6405001</controlfield>
        <controlfield tag="005">20110419134153.0</controlfield>
        <controlfield tag="007">aj canzn</controlfield>
        <controlfield tag="008">851106s1954 fr zz a f 0 fre d</controlfield>
        <datafield tag="019" ind1=" " ind2=" ">
            <subfield code="a">44748912</subfield>
        </datafield>
        <datafield tag="034" ind1="1" ind2=" ">
            <subfield code="a">a</subfield>
            <subfield code="b">12000000</subfield>
        </datafield>
        <datafield tag="034" ind1="1" ind2=" ">
            <subfield code="a">a</subfield>
            <subfield code="b">12000000</subfield>
            <subfield code="d">W1800000</subfield>
            <subfield code="e">E1800000</subfield>
            <subfield code="f">N0900000</subfield>
            <subfield code="g">N0600000</subfield>
        </datafield>
        <datafield tag="035" ind1=" " ind2=" ">
            <subfield code="a">(OCoLC)12764320</subfield>
        </datafield>
        <datafield tag="040" ind1=" " ind2=" ">
            <subfield code="a">UIU</subfield>
            <subfield code="c">UIU</subfield>
            <subfield code="d">OCL</subfield>
            <subfield code="d">OCLCQ</subfield>
            <subfield code="d">CUY</subfield>
        </datafield>
        <datafield tag="043" ind1=" " ind2=" ">
            <subfield code="a">xb-----</subfield>
            <subfield code="a">n-cn---</subfield>
            <subfield code="a">e-ur---</subfield>
        </datafield>
        <datafield tag="052" ind1=" " ind2=" ">
            <subfield code="a">7000</subfield>
        </datafield>
        <datafield tag="052" ind1=" " ind2=" ">
            <subfield code="a">3401</subfield>
        </datafield>
        <datafield tag="052" ind1=" " ind2=" ">
            <subfield code="a">3271</subfield>
        </datafield>
        <datafield tag="072" ind1=" " ind2="7">
            <subfield code="a">G1</subfield>
            <subfield code="2">lcg</subfield>
        </datafield>
        <datafield tag="090" ind1=" " ind2=" ">
            <subfield code="a">G3271.G4 1954</subfield>
            <subfield code="b">.F7</subfield>
        </datafield>
        <datafield tag="099" ind1=" " ind2=" ">
            <subfield code="a">G3400</subfield>
            <subfield code="a">.G1</subfield>
            <subfield code="a">1954</subfield>
            <subfield code="a">.F7</subfield>
            <subfield code="a">sheet</subfield>
        </datafield>
        <datafield tag="110" ind1="2" ind2=" ">
            <subfield code="a">Institut national de la statistique et des études économiques
                (France)</subfield>
        </datafield>
        <datafield tag="245" ind1="1" ind2="0">
            <subfield code="a">Canada régions polaires :</subfield>
            <subfield code="b">et extrême-Nord Soviétique.</subfield>
        </datafield>
        <datafield tag="255" ind1=" " ind2=" ">
            <subfield code="a">Scale 1:12,000,000 along the meridians ;</subfield>
            <subfield code="b">polar equidistant proj.</subfield>
        </datafield>
        <datafield tag="255" ind1=" " ind2=" ">
            <subfield code="a">Scale 1:12,000,000 along the meridians ;</subfield>
            <subfield code="b">Polar equidistant proj.</subfield>
            <subfield code="c">(W 180⁰--E 180⁰/N 90⁰--N 60⁰).</subfield>
        </datafield>
        <datafield tag="260" ind1=" " ind2=" ">
            <subfield code="a">[Paris] :</subfield>
            <subfield code="b">L'institute géographique national,</subfield>
            <subfield code="c">1954.</subfield>
        </datafield>
        <datafield tag="300" ind1=" " ind2=" ">
            <subfield code="a">1 map :</subfield>
            <subfield code="b">col. ;</subfield>
            <subfield code="c">79 x 65 cm.</subfield>
        </datafield>
        <datafield tag="490" ind1="0" ind2=" ">
            <subfield code="a">Carte ;</subfield>
            <subfield code="v">no. 64</subfield>
            <subfield code="5">FU</subfield>
        </datafield>
        <datafield tag="500" ind1=" " ind2=" ">
            <subfield code="a">&quot;Carte No. 64.&quot;</subfield>
            <subfield code="5">FU</subfield>
            <subfield code="5">FTaSU</subfield>
        </datafield>
        <datafield tag="500" ind1=" " ind2=" ">
            <subfield code="a">Insets: Lower Ontario and Quebec.</subfield>
            <subfield code="5">FU</subfield>
            <subfield code="5">FTaSU</subfield>
        </datafield>
        <datafield tag="520" ind1=" " ind2=" ">
            <subfield code="a">Shows all of Canada and northern edge of the Soviet Union and the
                economic uses of the land.</subfield>
        </datafield>
        <datafield tag="650" ind1=" " ind2="0">
            <subfield code="a">Industrial location</subfield>
            <subfield code="z">Northern Hemisphere</subfield>
            <subfield code="v">Maps.</subfield>
        </datafield>
        <datafield tag="650" ind1=" " ind2="0">
            <subfield code="a">Industries</subfield>
            <subfield code="z">Northern Hemisphere</subfield>
            <subfield code="v">Maps.</subfield>
        </datafield>
        <datafield tag="650" ind1=" " ind2="0">
            <subfield code="a">Industrial location</subfield>
            <subfield code="z">Canada</subfield>
            <subfield code="v">Maps.</subfield>
        </datafield>
        <datafield tag="650" ind1=" " ind2="0">
            <subfield code="a">Industries</subfield>
            <subfield code="z">Canada</subfield>
            <subfield code="v">Maps.</subfield>
        </datafield>
        <datafield tag="650" ind1=" " ind2="0">
            <subfield code="a">Industrial location</subfield>
            <subfield code="z">Soviet Union</subfield>
            <subfield code="v">Maps.</subfield>
        </datafield>
        <datafield tag="650" ind1=" " ind2="0">
            <subfield code="a">Industries</subfield>
            <subfield code="z">Soviet Union</subfield>
            <subfield code="v">Maps.</subfield>
        </datafield>
        <datafield tag="710" ind1="2" ind2=" ">
            <subfield code="a">Institute géographique national (France)</subfield>
        </datafield>
        <datafield tag="852" ind1="0" ind2=" ">
            <subfield code="a">FTaSU</subfield>
            <subfield code="b">FSULC</subfield>
            <subfield code="c">MAPT</subfield>
            <subfield code="h">G3400 .G1 1954 .F7 sheet</subfield>
        </datafield>
        <datafield tag="852" ind1="0" ind2=" ">
            <subfield code="a">FU</subfield>
            <subfield code="b">UFMAP</subfield>
            <subfield code="c">MAP</subfield>
            <subfield code="h">G3271.G4 1954</subfield>
            <subfield code="i">.F7</subfield>
        </datafield>
        <datafield tag="852" ind1="0" ind2=" ">
            <subfield code="a">FTaSU</subfield>
            <subfield code="b">FSULC</subfield>
            <subfield code="c">MAPT</subfield>
            <subfield code="h">G3400 .G1 1954 .F7 sheet</subfield>
        </datafield>
        <datafield tag="852" ind1="0" ind2=" ">
            <subfield code="a">FU</subfield>
            <subfield code="b">UFMAP</subfield>
            <subfield code="c">MAP</subfield>
            <subfield code="h">G3271.G4 1954</subfield>
            <subfield code="i">.F7</subfield>
        </datafield>
        <datafield tag="951" ind1=" " ind2=" ">
            <subfield code="1">05</subfield>
            <subfield code="a">FSU01:001480218;</subfield>
            <subfield code="5">FTaSU</subfield>
        </datafield>
        <datafield tag="951" ind1=" " ind2=" ">
            <subfield code="1">08</subfield>
            <subfield code="a">UFU01:005227297;</subfield>
            <subfield code="5">FU</subfield>
        </datafield>
        <datafield tag="999" ind1=" " ind2=" ">
            <subfield code="a">AJD6405001</subfield>
        </datafield>
    </record>