
    <record>
        <leader>01200cam a2200301I 4500</leader>
        <controlfield tag="001">025440677</controlfield>
        <controlfield tag="004">FSACW7238001</controlfield>
        <controlfield tag="005">20080826094009.0</controlfield>
        <controlfield tag="008">760109s1885 fr 000|0 fre </controlfield>
        <datafield tag="010" ind1=" " ind2=" ">
            <subfield code="a"> 15000475 </subfield>
        </datafield>
        <datafield tag="035" ind1=" " ind2=" ">
            <subfield code="a">(OCoLC)01920397</subfield>
        </datafield>
        <datafield tag="040" ind1=" " ind2=" ">
            <subfield code="a">DLC</subfield>
            <subfield code="c">CIN</subfield>
            <subfield code="d">CIN</subfield>
            <subfield code="d">SER</subfield>
        </datafield>
        <datafield tag="050" ind1=" " ind2=" ">
            <subfield code="a">DC198.D2</subfield>
            <subfield code="b">A2</subfield>
        </datafield>
        <datafield tag="092" ind1=" " ind2=" ">
            <subfield code="a">944.05</subfield>
            <subfield code="b">D266A</subfield>
        </datafield>
        <datafield tag="100" ind1="1" ind2=" ">
            <subfield code="a">Davout, Louis Nicolas,</subfield>
            <subfield code="c">duc d'Auerstædt et prince d'Eckmühl,</subfield>
            <subfield code="d">1770-1823.</subfield>
        </datafield>
        <datafield tag="245" ind1="1" ind2="0">
            <subfield code="a">Correspondance du maréchal Davout, prince d'Eckmühl,</subfield>
            <subfield code="b">ses commandements, son ministère, 1801-1815;</subfield>
            <subfield code="c">avec introduction et notes, par Ch. de Mazade ...</subfield>
        </datafield>
        <datafield tag="260" ind1=" " ind2=" ">
            <subfield code="a">Paris,</subfield>
            <subfield code="b">E. Plon, Nourrit et cie.,</subfield>
            <subfield code="c">1885.</subfield>
        </datafield>
        <datafield tag="300" ind1=" " ind2=" ">
            <subfield code="a">4 v.</subfield>
            <subfield code="c">23 cm.</subfield>
        </datafield>
        <datafield tag="651" ind1=" " ind2="0">
            <subfield code="a">France</subfield>
            <subfield code="x">History</subfield>
            <subfield code="y">Consulate and First Empire, 1799-1815.</subfield>
        </datafield>
        <datafield tag="700" ind1="1" ind2=" ">
            <subfield code="a">Mazade-Percin, Charles,</subfield>
            <subfield code="c">i.e. Louis Charles Jean Robert de,</subfield>
            <subfield code="d">1820-1893.</subfield>
        </datafield>
        <datafield tag="852" ind1="0" ind2=" ">
            <subfield code="a">FTaSU</subfield>
            <subfield code="b">FSRS2</subfield>
            <subfield code="c">GEN</subfield>
            <subfield code="h">DC198.D2</subfield>
            <subfield code="i">A2 1885</subfield>
        </datafield>
        <datafield tag="866" ind1="3" ind2="1">
            <subfield code="b">FSU Remote Storage 2</subfield>
            <subfield code="c">Ask at Circulation</subfield>
            <subfield code="h">DC198.D2</subfield>
            <subfield code="i">A2 1885</subfield>
            <subfield code="a">v. 1-4</subfield>
        </datafield>
        <datafield tag="852" ind1="0" ind2=" ">
            <subfield code="a">FTaSU</subfield>
            <subfield code="b">FSUSP</subfield>
            <subfield code="c">NAP</subfield>
            <subfield code="h">DC198.D2</subfield>
            <subfield code="i">A2</subfield>
        </datafield>
        <datafield tag="852" ind1="0" ind2=" ">
            <subfield code="a">FTaSU</subfield>
            <subfield code="b">FSRS2</subfield>
            <subfield code="c">GEN</subfield>
            <subfield code="h">DC198.D2</subfield>
            <subfield code="i">A2 1885</subfield>
        </datafield>
        <datafield tag="852" ind1="0" ind2=" ">
            <subfield code="a">FTaSU</subfield>
            <subfield code="b">FSUSP</subfield>
            <subfield code="c">NAP</subfield>
            <subfield code="h">DC198.D2</subfield>
            <subfield code="i">A2</subfield>
        </datafield>
        <datafield tag="951" ind1=" " ind2=" ">
            <subfield code="1">05</subfield>
            <subfield code="a">FSU01:000655547;</subfield>
            <subfield code="5">FTaSU</subfield>
        </datafield>
        <datafield tag="999" ind1=" " ind2=" ">
            <subfield code="a">ACW7238001</subfield>
        </datafield>
        <datafield tag="999" ind1=" " ind2=" ">
            <subfield code="a">ACW7238002</subfield>
        </datafield>
    </record>