
    <record>
        <leader>00827nam a2200241I 4500</leader>
        <controlfield tag="001">025440733</controlfield>
        <controlfield tag="004">FSACW7240001</controlfield>
        <controlfield tag="005">20120623021800.0</controlfield>
        <controlfield tag="008">760110m1902 enkbcef 000|0 eng d</controlfield>
        <datafield tag="019" ind1=" " ind2=" ">
            <subfield code="a">1920593</subfield>
        </datafield>
        <datafield tag="035" ind1=" " ind2=" ">
            <subfield code="a">(OCoLC)01539767</subfield>
        </datafield>
        <datafield tag="040" ind1=" " ind2=" ">
            <subfield code="a">CSU</subfield>
            <subfield code="c">CSU</subfield>
        </datafield>
        <datafield tag="090" ind1=" " ind2=" ">
            <subfield code="a">DC231</subfield>
            <subfield code="b">.O5 1902</subfield>
        </datafield>
        <datafield tag="100" ind1="1" ind2=" ">
            <subfield code="a">Oman, Charles William Chadwick,</subfield>
            <subfield code="c">Sir,</subfield>
            <subfield code="d">1860-1946</subfield>
        </datafield>
        <datafield tag="245" ind1="0" ind2="2">
            <subfield code="a">A history of the peninsular war.</subfield>
        </datafield>
        <datafield tag="260" ind1=" " ind2=" ">
            <subfield code="a">Oxford,</subfield>
            <subfield code="b">Clarendon Press,</subfield>
            <subfield code="c">1902-</subfield>
        </datafield>
        <datafield tag="300" ind1=" " ind2=" ">
            <subfield code="a">v.</subfield>
            <subfield code="b">fronts., plates, ports., maps (part fold.) plans (part
                fold.)</subfield>
            <subfield code="c">23 cm.</subfield>
        </datafield>
        <datafield tag="650" ind1=" " ind2="0">
            <subfield code="a">Peninsular War, 1807-1814.</subfield>
        </datafield>
        <datafield tag="852" ind1="0" ind2=" ">
            <subfield code="a">FTaSU</subfield>
            <subfield code="b">FSUSP</subfield>
            <subfield code="c">NAPR</subfield>
            <subfield code="h">DC231</subfield>
            <subfield code="i">.O5 1902</subfield>
        </datafield>
        <datafield tag="866" ind1="3" ind2="1">
            <subfield code="b">FSU STROZIER, Special Coll</subfield>
            <subfield code="c">Napoleon Reference</subfield>
            <subfield code="h">DC231</subfield>
            <subfield code="i">.O5 1902</subfield>
            <subfield code="a">v. 1-3</subfield>
        </datafield>
        <datafield tag="852" ind1="0" ind2=" ">
            <subfield code="a">FTaSU</subfield>
            <subfield code="b">FSUSP</subfield>
            <subfield code="c">NAPR</subfield>
            <subfield code="h">DC231</subfield>
            <subfield code="i">.O5 1902</subfield>
        </datafield>
        <datafield tag="951" ind1=" " ind2=" ">
            <subfield code="1">05</subfield>
            <subfield code="a">FSU01:000655549;</subfield>
            <subfield code="5">FTaSU</subfield>
        </datafield>
        <datafield tag="999" ind1=" " ind2=" ">
            <subfield code="a">ACW7240001</subfield>
        </datafield>
    </record>