
    <record>
        <leader>00871nam a2200253Ia 4500</leader>
        <controlfield tag="001">025577819</controlfield>
        <controlfield tag="004">FSAKC2343001</controlfield>
        <controlfield tag="005">20120623022500.0</controlfield>
        <controlfield tag="008">860508s1913 fr b 001|0 fre </controlfield>
        <datafield tag="010" ind1=" " ind2=" ">
            <subfield code="a">war13000163 </subfield>
        </datafield>
        <datafield tag="035" ind1=" " ind2=" ">
            <subfield code="a">(OCoLC)13548550</subfield>
        </datafield>
        <datafield tag="040" ind1=" " ind2=" ">
            <subfield code="a">DLC</subfield>
            <subfield code="c">YWM</subfield>
            <subfield code="d">YWM</subfield>
        </datafield>
        <datafield tag="090" ind1=" " ind2=" ">
            <subfield code="a">U19</subfield>
            <subfield code="b">.P58 1913</subfield>
        </datafield>
        <datafield tag="100" ind1="1" ind2=" ">
            <subfield code="a">Picard, Ernest,</subfield>
            <subfield code="d">1863-1913.</subfield>
        </datafield>
        <datafield tag="245" ind1="1" ind2="0">
            <subfield code="a">Préceptes et jugements de Napoléon recueillis et classés /</subfield>
            <subfield code="c">par le Lieut.-Col. Ernest Picard.</subfield>
        </datafield>
        <datafield tag="260" ind1=" " ind2=" ">
            <subfield code="a">Paris ;</subfield>
            <subfield code="a">Nancy :</subfield>
            <subfield code="b">Berger-Levrault,</subfield>
            <subfield code="c">1913.</subfield>
        </datafield>
        <datafield tag="300" ind1=" " ind2=" ">
            <subfield code="a">xx, 595 p ;</subfield>
            <subfield code="c">23 cm.</subfield>
        </datafield>
        <datafield tag="504" ind1=" " ind2=" ">
            <subfield code="a">Includes bibliographical references and indexes.</subfield>
        </datafield>
        <datafield tag="650" ind1=" " ind2="0">
            <subfield code="a">Military art and science.</subfield>
        </datafield>
        <datafield tag="600" ind1="0" ind2="0">
            <subfield code="a">Napoleon</subfield>
            <subfield code="b">I,</subfield>
            <subfield code="c">Emperor of the French,</subfield>
            <subfield code="d">1769-1821.</subfield>
        </datafield>
        <datafield tag="852" ind1="0" ind2=" ">
            <subfield code="a">FTaSU</subfield>
            <subfield code="b">FSUSP</subfield>
            <subfield code="c">NAP</subfield>
            <subfield code="h">U19</subfield>
            <subfield code="i">.P58 1913</subfield>
        </datafield>
        <datafield tag="852" ind1="0" ind2=" ">
            <subfield code="a">FTaSU</subfield>
            <subfield code="b">FSUSP</subfield>
            <subfield code="c">NAP</subfield>
            <subfield code="h">U19</subfield>
            <subfield code="i">.P58 1913</subfield>
        </datafield>
        <datafield tag="951" ind1=" " ind2=" ">
            <subfield code="1">05</subfield>
            <subfield code="a">FSU01:001673400;</subfield>
            <subfield code="5">FTaSU</subfield>
        </datafield>
        <datafield tag="999" ind1=" " ind2=" ">
            <subfield code="a">AKC2343001</subfield>
        </datafield>
    </record>