
    <record>
        <leader>01836cam a2200445Ia 45e0</leader>
        <controlfield tag="001">025629847</controlfield>
        <controlfield tag="004">NFABU6697001</controlfield>
        <controlfield tag="005">20140828152959.0</controlfield>
        <controlfield tag="008">981106s1992 njua 000 0 eng d</controlfield>
        <datafield tag="020" ind1=" " ind2=" ">
            <subfield code="a">0878110364</subfield>
        </datafield>
        <datafield tag="035" ind1=" " ind2=" ">
            <subfield code="a">(OCoLC)25959754</subfield>
        </datafield>
        <datafield tag="040" ind1=" " ind2=" ">
            <subfield code="a">NWM</subfield>
            <subfield code="c">NWM</subfield>
            <subfield code="d">SMI</subfield>
            <subfield code="d">FSJ</subfield>
        </datafield>
        <datafield tag="090" ind1=" " ind2=" ">
            <subfield code="a">NC1310.P86</subfield>
            <subfield code="b">P86 1992</subfield>
        </datafield>
        <datafield tag="090" ind1=" " ind2=" ">
            <subfield code="a">NC1284.U6</subfield>
            <subfield code="b">R69 1992</subfield>
        </datafield>
        <datafield tag="092" ind1=" " ind2=" ">
            <subfield code="a">769.5</subfield>
            <subfield code="b">Roy</subfield>
        </datafield>
        <datafield tag="100" ind1="1" ind2=" ">
            <subfield code="a">Roylance, Dale.</subfield>
        </datafield>
        <datafield tag="245" ind1="1" ind2="0">
            <subfield code="a">Graphic Americana :</subfield>
            <subfield code="b">the art and technique of printed ephemera , from abecedaires to
                zoetropes /</subfield>
            <subfield code="c">Dale Roylance.</subfield>
        </datafield>
        <datafield tag="260" ind1=" " ind2=" ">
            <subfield code="a">Princeton, N.J. :</subfield>
            <subfield code="b">Princeton University Library,</subfield>
            <subfield code="c">1992.</subfield>
        </datafield>
        <datafield tag="300" ind1=" " ind2=" ">
            <subfield code="a">63 p. :</subfield>
            <subfield code="b">ill. (some col.) ;</subfield>
            <subfield code="c">24 cm.</subfield>
        </datafield>
        <datafield tag="500" ind1=" " ind2=" ">
            <subfield code="a">Catalog of an exhibition sponsored by the Ephemera Society of
                America, held in 1992 at the Princeton University Library.</subfield>
        </datafield>
        <datafield tag="590" ind1=" " ind2=" ">
            <subfield code="a">FY04D/03, Gift of James and Millicent Dunwoody, 2002.</subfield>
            <subfield code="5">FTaSU</subfield>
        </datafield>
        <datafield tag="650" ind1=" " ind2="0">
            <subfield code="a">Printed ephemera</subfield>
            <subfield code="v">Exhibitions.</subfield>
        </datafield>
        <datafield tag="650" ind1=" " ind2="0">
            <subfield code="a">Graphic arts</subfield>
            <subfield code="z">United States</subfield>
            <subfield code="x">Exhibitions.</subfield>
        </datafield>
        <datafield tag="650" ind1=" " ind2="0">
            <subfield code="a">Printed ephemera</subfield>
            <subfield code="z">United States</subfield>
            <subfield code="x">Exhibitions.</subfield>
        </datafield>
        <datafield tag="710" ind1="2" ind2=" ">
            <subfield code="a">Ephemera Society of America.</subfield>
        </datafield>
        <datafield tag="710" ind1="2" ind2=" ">
            <subfield code="a">Princeton University.</subfield>
            <subfield code="b">Library.</subfield>
        </datafield>
        <datafield tag="852" ind1="0" ind2=" ">
            <subfield code="a">FJUNF</subfield>
            <subfield code="b">NFUCS</subfield>
            <subfield code="c">SPEC</subfield>
            <subfield code="h">NC1284.U6</subfield>
            <subfield code="i">R69 1992</subfield>
        </datafield>
        <datafield tag="852" ind1="0" ind2=" ">
            <subfield code="a">FJUNF</subfield>
            <subfield code="b">NFUCC</subfield>
            <subfield code="c">GENL</subfield>
            <subfield code="h">NC1284.U6</subfield>
            <subfield code="i">R69 1992</subfield>
            <subfield code="t">2</subfield>
        </datafield>
        <datafield tag="852" ind1="0" ind2=" ">
            <subfield code="a">FSR</subfield>
            <subfield code="b">FSRIN</subfield>
            <subfield code="c">GEN</subfield>
            <subfield code="h">NC 1310</subfield>
            <subfield code="i">.P86 P86 1992</subfield>
        </datafield>
        <datafield tag="852" ind1="0" ind2=" ">
            <subfield code="a">FSR</subfield>
            <subfield code="b">FSRIN</subfield>
            <subfield code="c">CIRS</subfield>
            <subfield code="h">NC 1310</subfield>
            <subfield code="i">.P86 P86 1992</subfield>
            <subfield code="x">G</subfield>
        </datafield>
        <datafield tag="852" ind1="0" ind2=" ">
            <subfield code="a">FTaSU</subfield>
            <subfield code="b">FSULC</subfield>
            <subfield code="c">GEN</subfield>
            <subfield code="h">NC1310.P86</subfield>
            <subfield code="i">P86 1992</subfield>
            <subfield code="x">gift</subfield>
        </datafield>
        <datafield tag="852" ind1="0" ind2=" ">
            <subfield code="a">FJUNF</subfield>
            <subfield code="b">NFUCS</subfield>
            <subfield code="c">SPEC</subfield>
            <subfield code="h">NC1284.U6</subfield>
            <subfield code="i">R69 1992</subfield>
        </datafield>
        <datafield tag="852" ind1="0" ind2=" ">
            <subfield code="a">FJUNF</subfield>
            <subfield code="b">NFUCC</subfield>
            <subfield code="c">GENL</subfield>
            <subfield code="h">NC1284.U6</subfield>
            <subfield code="i">R69 1992</subfield>
            <subfield code="t">2</subfield>
        </datafield>
        <datafield tag="852" ind1="0" ind2=" ">
            <subfield code="a">FSR</subfield>
            <subfield code="b">FSRIN</subfield>
            <subfield code="c">GEN</subfield>
            <subfield code="h">NC 1310</subfield>
            <subfield code="i">.P86 P86 1992</subfield>
        </datafield>
        <datafield tag="852" ind1="0" ind2=" ">
            <subfield code="a">FSR</subfield>
            <subfield code="b">FSRIN</subfield>
            <subfield code="c">CIRS</subfield>
            <subfield code="h">NC 1310</subfield>
            <subfield code="i">.P86 P86 1992</subfield>
            <subfield code="x">G</subfield>
        </datafield>
        <datafield tag="852" ind1="0" ind2=" ">
            <subfield code="a">FTaSU</subfield>
            <subfield code="b">FSULC</subfield>
            <subfield code="c">GEN</subfield>
            <subfield code="h">NC1310.P86</subfield>
            <subfield code="i">P86 1992</subfield>
            <subfield code="x">gift</subfield>
        </datafield>
        <datafield tag="951" ind1=" " ind2=" ">
            <subfield code="1">05</subfield>
            <subfield code="a">FSU01:003194156;</subfield>
            <subfield code="5">FTaSU</subfield>
        </datafield>
        <datafield tag="951" ind1=" " ind2=" ">
            <subfield code="1">09</subfield>
            <subfield code="a">NFU01:000380163;</subfield>
            <subfield code="5">FJUNF</subfield>
        </datafield>
        <datafield tag="999" ind1=" " ind2=" ">
            <subfield code="a">ABU6697001</subfield>
        </datafield>
        <datafield tag="999" ind1=" " ind2=" ">
            <subfield code="a">ABU6697002</subfield>
        </datafield>
    </record>