
<!--    <record>
        <leader>01507cam a2200325Ia 4500</leader>
        <controlfield tag="001">025652599</controlfield>
        <controlfield tag="004">FSAGM5651001</controlfield>
        <controlfield tag="005">20120623022900.0</controlfield>
        <controlfield tag="007">hd|afv|||baca</controlfield>
        <controlfield tag="008">870917r19781810ctu ab 000|0 eng d</controlfield>
        <datafield tag="035" ind1=" " ind2=" ">
            <subfield code="a">(OCoLC)16704502</subfield>
        </datafield>
        <datafield tag="040" ind1=" " ind2=" ">
            <subfield code="a">TXA</subfield>
            <subfield code="c">GKR</subfield>
        </datafield>
        <datafield tag="043" ind1=" " ind2=" ">
            <subfield code="a">e-uk-\-\-</subfield>
            <subfield code="a">e-\-\-\-\-\-</subfield>
        </datafield>
        <datafield tag="090" ind1=" " ind2=" ">
            <subfield code="a">HB161</subfield>
            <subfield code="b">.G64 no. 20188</subfield>
        </datafield>
        <datafield tag="092" ind1=" " ind2=" ">
            <subfield code="a">330</subfield>
            <subfield code="b">G62</subfield>
        </datafield>
        <datafield tag="099" ind1=" " ind2=" ">
            <subfield code="a">Film</subfield>
            <subfield code="a">4318</subfield>
        </datafield>
        <datafield tag="100" ind1="1" ind2=" ">
            <subfield code="a">Roscoe, William,</subfield>
            <subfield code="d">1753-1831.</subfield>
        </datafield>
        <datafield tag="245" ind1="1" ind2="0">
            <subfield code="a">Occasional tracts relative to the war between Great Britain and
                France</subfield>
            <subfield code="h">microform :</subfield>
            <subfield code="b">written and published at different periods, from the year 1793,
                including Brief observations on the address to His Majesty, proposed by Earl Grey,
                in the House of Lords, June 13, 1810 /</subfield>
            <subfield code="c">by William Roscoe.</subfield>
        </datafield>
        <datafield tag="260" ind1=" " ind2=" ">
            <subfield code="a">London :</subfield>
            <subfield code="b">T. Cadell, and W. Davies,</subfield>
            <subfield code="c">1810</subfield>
            <subfield code="e">(London :</subfield>
            <subfield code="f">Printed by J. M'Creeny)</subfield>
        </datafield>
        <datafield tag="300" ind1=" " ind2=" ">
            <subfield code="a">vi, 336 p.</subfield>
        </datafield>
        <datafield tag="504" ind1=" " ind2=" ">
            <subfield code="a">Includes bibliographical references.</subfield>
        </datafield>
        <datafield tag="533" ind1=" " ind2=" ">
            <subfield code="a">Microfilm.</subfield>
            <subfield code="b">New Haven, Conn. :</subfield>
            <subfield code="c">Research Publications,</subfield>
            <subfield code="d">[1978].</subfield>
            <subfield code="e">1 microfilm reel ; 35 mm.</subfield>
            <subfield code="f">(Goldsmiths'-Kress library of economic literature ; no.
                20188)</subfield>
            <subfield code="5">FTaSU</subfield>
        </datafield>
        <datafield tag="650" ind1=" " ind2="0">
            <subfield code="a">Napoleonic Wars, 1800-1815</subfield>
            <subfield code="y">Proposed invasion of England, 1793-1805.</subfield>
        </datafield>
        <datafield tag="651" ind1=" " ind2="0">
            <subfield code="a">Great Britain</subfield>
            <subfield code="x">Foreign relations</subfield>
            <subfield code="y">1789-1820.</subfield>
        </datafield>
        <datafield tag="651" ind1=" " ind2="0">
            <subfield code="a">Europe</subfield>
            <subfield code="x">Politics and government</subfield>
            <subfield code="y">1789-1815.</subfield>
        </datafield>
        <datafield tag="700" ind1="1" ind2=" ">
            <subfield code="a">Grey, Charles Grey,</subfield>
            <subfield code="c">Earl,</subfield>
            <subfield code="d">1764-1845.</subfield>
        </datafield>
        <datafield tag="852" ind1="4" ind2=" ">
            <subfield code="a">FTaSU</subfield>
            <subfield code="b">FSULC</subfield>
            <subfield code="c">MICR</subfield>
            <subfield code="h">Film 4318 no.20188</subfield>
        </datafield>
        <datafield tag="852" ind1="4" ind2=" ">
            <subfield code="a">FTaSU</subfield>
            <subfield code="b">FSULC</subfield>
            <subfield code="c">MICR</subfield>
            <subfield code="h">Film 4318 no.20188</subfield>
        </datafield>
        <datafield tag="951" ind1=" " ind2=" ">
            <subfield code="1">05</subfield>
            <subfield code="a">FSU01:001169503;</subfield>
            <subfield code="5">FTaSU</subfield>
        </datafield>
        <datafield tag="999" ind1=" " ind2=" ">
            <subfield code="a">AGM5651001</subfield>
        </datafield>
    </record>