
    <record>
        <leader>00883nam a2200253Ii 4500</leader>
        <controlfield tag="001">025656481</controlfield>
        <controlfield tag="004">FSACX6120001</controlfield>
        <controlfield tag="005">20120623023000.0</controlfield>
        <controlfield tag="008">780110s1901 fr 000|0 fre d</controlfield>
        <datafield tag="035" ind1=" " ind2=" ">
            <subfield code="a">(OCoLC)03547339</subfield>
        </datafield>
        <datafield tag="040" ind1=" " ind2=" ">
            <subfield code="a">PAU</subfield>
            <subfield code="c">PAU</subfield>
        </datafield>
        <datafield tag="090" ind1=" " ind2=" ">
            <subfield code="a">DC146.S5</subfield>
            <subfield code="b">N4 1901</subfield>
        </datafield>
        <datafield tag="100" ind1="1" ind2=" ">
            <subfield code="a">Neton, Albéric,</subfield>
            <subfield code="d">1869-</subfield>
        </datafield>
        <datafield tag="245" ind1="0" ind2="0">
            <subfield code="a">Sieyès (1748-1836) d'après des documents inédits : avec un portrait
                d'après David /</subfield>
            <subfield code="c">Albéric Neton.</subfield>
        </datafield>
        <datafield tag="250" ind1=" " ind2=" ">
            <subfield code="a">3. éd., revue et augmentée.</subfield>
        </datafield>
        <datafield tag="260" ind1=" " ind2=" ">
            <subfield code="a">Paris :</subfield>
            <subfield code="b">Perrin,</subfield>
            <subfield code="c">1901.</subfield>
        </datafield>
        <datafield tag="300" ind1=" " ind2=" ">
            <subfield code="a">466 p. :</subfield>
            <subfield code="b">port. ;</subfield>
            <subfield code="c">19 cm.</subfield>
        </datafield>
        <datafield tag="504" ind1=" " ind2=" ">
            <subfield code="a">Includes bibliographical references.</subfield>
        </datafield>
        <datafield tag="600" ind1="1" ind2="0">
            <subfield code="a">Sieyès, Emmanuel Joseph,</subfield>
            <subfield code="c">comte,</subfield>
            <subfield code="d">1748-1836.</subfield>
        </datafield>
        <datafield tag="651" ind1=" " ind2="0">
            <subfield code="a">France</subfield>
            <subfield code="x">History</subfield>
            <subfield code="y">Revolution, 1789-1799.</subfield>
        </datafield>
        <datafield tag="852" ind1="0" ind2=" ">
            <subfield code="a">FTaSU</subfield>
            <subfield code="b">FSUSP</subfield>
            <subfield code="c">NAP</subfield>
            <subfield code="h">DC146.S5</subfield>
            <subfield code="i">N4 1901</subfield>
        </datafield>
        <datafield tag="852" ind1="0" ind2=" ">
            <subfield code="a">FTaSU</subfield>
            <subfield code="b">FSUSP</subfield>
            <subfield code="c">NAP</subfield>
            <subfield code="h">DC146.S5</subfield>
            <subfield code="i">N4 1901</subfield>
        </datafield>
        <datafield tag="951" ind1=" " ind2=" ">
            <subfield code="1">05</subfield>
            <subfield code="a">FSU01:000663736;</subfield>
            <subfield code="5">FTaSU</subfield>
        </datafield>
        <datafield tag="999" ind1=" " ind2=" ">
            <subfield code="a">ACX6120001</subfield>
        </datafield>
    </record>