
    <record>
        <leader>05034aas a2201045 4500</leader>
        <controlfield tag="001">025672214</controlfield>
        <controlfield tag="004">FSAAY6403001</controlfield>
        <controlfield tag="005">20140509091209.0</controlfield>
        <controlfield tag="008">750727c19249999fr qr p 0|||b0fre d</controlfield>
        <datafield tag="010" ind1=" " ind2=" ">
            <subfield code="a"> 34018456 //r82</subfield>
        </datafield>
        <datafield tag="022" ind1=" " ind2=" ">
            <subfield code="a">0003-4436</subfield>
        </datafield>
        <datafield tag="022" ind1=" " ind2=" ">
            <subfield code="a">0003-4436</subfield>
        </datafield>
        <datafield tag="035" ind1=" " ind2=" ">
            <subfield code="a">(OCoLC)01481323</subfield>
        </datafield>
        <datafield tag="035" ind1=" " ind2=" ">
            <subfield code="a">(OCoLC)01481323</subfield>
        </datafield>
        <datafield tag="040" ind1=" " ind2=" ">
            <subfield code="a">MUL</subfield>
            <subfield code="c">MUL</subfield>
            <subfield code="d">SUL</subfield>
            <subfield code="d">OCL</subfield>
            <subfield code="d">YUS</subfield>
            <subfield code="d">IUL</subfield>
            <subfield code="d">m.c.</subfield>
            <subfield code="d">NSD</subfield>
            <subfield code="d">DLC</subfield>
            <subfield code="d">FDA</subfield>
        </datafield>
        <datafield tag="042" ind1=" " ind2=" ">
            <subfield code="a">lc</subfield>
        </datafield>
        <datafield tag="043" ind1=" " ind2=" ">
            <subfield code="a">fr-----</subfield>
        </datafield>
        <datafield tag="050" ind1="0" ind2="0">
            <subfield code="a">DC139</subfield>
            <subfield code="b">.A62</subfield>
        </datafield>
        <datafield tag="082" ind1="0" ind2=" ">
            <subfield code="a">944.04</subfield>
        </datafield>
        <datafield tag="099" ind1=" " ind2=" ">
            <subfield code="a">944.04</subfield>
            <subfield code="a">A6131</subfield>
        </datafield>
        <datafield tag="222" ind1=" " ind2="0">
            <subfield code="a">Annales historiques de la Révolution française</subfield>
        </datafield>
        <datafield tag="245" ind1="0" ind2="0">
            <subfield code="a">Annales historiques de la Révolution française.</subfield>
        </datafield>
        <datafield tag="260" ind1=" " ind2=" ">
            <subfield code="a">Paris,</subfield>
            <subfield code="b">Société des études robespierristes,</subfield>
            <subfield code="c">1924-</subfield>
        </datafield>
        <datafield tag="300" ind1=" " ind2=" ">
            <subfield code="a">v.</subfield>
        </datafield>
        <datafield tag="310" ind1=" " ind2=" ">
            <subfield code="a">Quarterly,</subfield>
            <subfield code="b">1940-</subfield>
        </datafield>
        <datafield tag="321" ind1=" " ind2=" ">
            <subfield code="a">Bimonthly,</subfield>
            <subfield code="b">1924-39</subfield>
            <subfield code="5">FTaSU</subfield>
            <subfield code="5">FU</subfield>
        </datafield>
        <datafield tag="362" ind1="0" ind2=" ">
            <subfield code="a">t. 1- jan./fév. 1924-</subfield>
            <subfield code="5">FTaSU</subfield>
            <subfield code="5">FU</subfield>
        </datafield>
        <datafield tag="500" ind1=" " ind2=" ">
            <subfield code="a">Vols.1- , 1924- reprinted by Paris, Dawson, 1965.</subfield>
            <subfield code="5">FTaSU</subfield>
        </datafield>
        <datafield tag="500" ind1=" " ind2=" ">
            <subfield code="a">Editors: 1924-Feb. 1932, A. Mathiez (with G. Laurent, 1924-Apr.
                1931)--Mar. 1932- G. Lefebvre.</subfield>
            <subfield code="5">FU</subfield>
        </datafield>
        <datafield tag="504" ind1=" " ind2=" ">
            <subfield code="a">Includes section &quot;Bibliographie&quot;, 1924-49.</subfield>
        </datafield>
        <datafield tag="515" ind1=" " ind2=" ">
            <subfield code="a">Vols. for lack enumeration caption; vols. for &lt;, 1977- &gt; called
                &lt;49éme- &gt; année.</subfield>
            <subfield code="5">FTaSU</subfield>
        </datafield>
        <datafield tag="515" ind1=" " ind2=" ">
            <subfield code="a">Vols. 1-6 are called &quot;nouv. ser.&quot;</subfield>
            <subfield code="5">FTaSU</subfield>
            <subfield code="5">FU</subfield>
        </datafield>
        <datafield tag="515" ind1=" " ind2=" ">
            <subfield code="a">Suspended publication 1941-45.</subfield>
            <subfield code="5">FTaSU</subfield>
        </datafield>
        <datafield tag="550" ind1=" " ind2=" ">
            <subfield code="a">&quot;Organe de la Société des études robespierristes ...
                &quot;</subfield>
        </datafield>
        <datafield tag="555" ind1=" " ind2=" ">
            <subfield code="a">Tome 18 (1946)-t. 34 (1962), in 1 v.; tome 35 (1963)-t. 44 (1972), in
                1 v.</subfield>
        </datafield>
        <datafield tag="555" ind1=" " ind2=" ">
            <subfield code="a">Index for 1923-40 included in index to Annales révolutionnaires
                1919-23.</subfield>
        </datafield>
        <datafield tag="580" ind1=" " ind2=" ">
            <subfield code="a">Formed by the union of Annales révolutionnaires and Revue historique
                de la révolution française.</subfield>
        </datafield>
        <datafield tag="590" ind1=" " ind2=" ">
            <subfield code="a">Gift Dr. Horward.</subfield>
            <subfield code="5">FTaSU</subfield>
        </datafield>
        <datafield tag="583" ind1="1" ind2=" ">
            <subfield code="3">52.année(1980)-54.année(1982)</subfield>
            <subfield code="5">flgafar</subfield>
            <subfield code="a">committed to retain</subfield>
            <subfield code="c">20150717</subfield>
            <subfield code="d">December 31, 2035</subfield>
            <subfield code="f">FLARE</subfield>
            <subfield code="f">Scholars Trust</subfield>
            <subfield code="j">FSTO</subfield>
        </datafield>
        <datafield tag="583" ind1="1" ind2=" ">
            <subfield code="3">52.année(1980)-54.année(1982)</subfield>
            <subfield code="5">flgafar</subfield>
            <subfield code="a">condition reviewed</subfield>
            <subfield code="c">20150717</subfield>
            <subfield code="f">FLARE</subfield>
            <subfield code="f">Scholars Trust</subfield>
            <subfield code="i">volume-level validation</subfield>
            <subfield code="j">FSTO</subfield>
        </datafield>
        <datafield tag="583" ind1="1" ind2=" ">
            <subfield code="3">52.année(1980)-54.année(1982)</subfield>
            <subfield code="5">flgafar</subfield>
            <subfield code="a">completeness reviewed</subfield>
            <subfield code="c">20150717</subfield>
            <subfield code="f">FLARE</subfield>
            <subfield code="f">Scholars Trust</subfield>
            <subfield code="i">volume-level validation</subfield>
            <subfield code="j">FSTO</subfield>
        </datafield>
        <datafield tag="651" ind1=" " ind2="0">
            <subfield code="a">France</subfield>
            <subfield code="x">History</subfield>
            <subfield code="y">Revolution, 1789-1799.</subfield>
        </datafield>
        <datafield tag="651" ind1=" " ind2="0">
            <subfield code="a">France</subfield>
            <subfield code="x">History</subfield>
            <subfield code="y">Revolution, 1789-1799</subfield>
            <subfield code="v">Periodicals.</subfield>
        </datafield>
        <datafield tag="700" ind1="1" ind2=" ">
            <subfield code="a">Mathiez, Albert,</subfield>
            <subfield code="d">1874-1932.</subfield>
        </datafield>
        <datafield tag="700" ind1="1" ind2=" ">
            <subfield code="a">Lefebvre, Georges,</subfield>
            <subfield code="d">1874-1959.</subfield>
        </datafield>
        <datafield tag="700" ind1="1" ind2=" ">
            <subfield code="a">Laurent, Gustave,</subfield>
            <subfield code="d">1873-1949.</subfield>
        </datafield>
        <datafield tag="700" ind1="1" ind2=" ">
            <subfield code="a">Laurent, Gustave.</subfield>
        </datafield>
        <datafield tag="710" ind1="2" ind2=" ">
            <subfield code="a">Société des études robespierristes.</subfield>
        </datafield>
        <datafield tag="767" ind1="0" ind2=" ">
            <subfield code="t">Annals of the French Revolution</subfield>
            <subfield code="x">0275-3413</subfield>
            <subfield code="w">(DC)sc 79002540</subfield>
        </datafield>
        <datafield tag="780" ind1="1" ind2="4">
            <subfield code="t">Revue historique de la révolution française</subfield>
            <subfield code="5">FTaSU</subfield>
            <subfield code="5">FU</subfield>
        </datafield>
        <datafield tag="780" ind1="1" ind2="4">
            <subfield code="t">Annales révolutionnaires</subfield>
            <subfield code="w">(OCoLC)1772188</subfield>
            <subfield code="5">FTaSU</subfield>
            <subfield code="5">FU</subfield>
        </datafield>
        <datafield tag="852" ind1="0" ind2=" ">
            <subfield code="a">FTaSU</subfield>
            <subfield code="b">FSUSP</subfield>
            <subfield code="c">NAP</subfield>
            <subfield code="h">DC139</subfield>
            <subfield code="i">.A62</subfield>
        </datafield>
        <datafield tag="866" ind1="3" ind2="1">
            <subfield code="b">FSU STROZIER, Special Coll</subfield>
            <subfield code="c">Napoleon</subfield>
            <subfield code="h">DC139</subfield>
            <subfield code="i">.A62</subfield>
            <subfield code="a">t.1(1924)-t.40(1968)</subfield>
        </datafield>
        <datafield tag="866" ind1="3" ind2="1">
            <subfield code="b">FSU STROZIER, Special Coll</subfield>
            <subfield code="c">Napoleon</subfield>
            <subfield code="h">DC139</subfield>
            <subfield code="i">.A62</subfield>
            <subfield code="a">t.42 (1970)-t.46(1974)</subfield>
        </datafield>
        <datafield tag="866" ind1="3" ind2="1">
            <subfield code="b">FSU STROZIER, Special Coll</subfield>
            <subfield code="c">Napoleon</subfield>
            <subfield code="h">DC139</subfield>
            <subfield code="i">.A62</subfield>
            <subfield code="a">t.49:pt.2(1977)-t.57(1985)</subfield>
        </datafield>
        <datafield tag="866" ind1="3" ind2="1">
            <subfield code="b">FSU STROZIER, Special Coll</subfield>
            <subfield code="c">Napoleon</subfield>
            <subfield code="h">DC139</subfield>
            <subfield code="i">.A62</subfield>
            <subfield code="a">t.323(2001)-no.390(2017)</subfield>
        </datafield>
        <datafield tag="866" ind1="3" ind2="1">
            <subfield code="b">FSU STROZIER, Special Coll</subfield>
            <subfield code="c">Napoleon</subfield>
            <subfield code="h">DC139</subfield>
            <subfield code="i">.A62</subfield>
            <subfield code="a">Index: t.18(1946)-t.34(1962)</subfield>
        </datafield>
        <datafield tag="866" ind1="3" ind2="1">
            <subfield code="b">FSU STROZIER, Special Coll</subfield>
            <subfield code="c">Napoleon</subfield>
            <subfield code="h">DC139</subfield>
            <subfield code="i">.A62</subfield>
            <subfield code="a">Index: t.35(1963)-t.44(1972)</subfield>
        </datafield>
        <datafield tag="866" ind1="3" ind2="1">
            <subfield code="b">FSU STROZIER, Special Coll</subfield>
            <subfield code="c">Napoleon</subfield>
            <subfield code="h">DC139</subfield>
            <subfield code="i">.A62</subfield>
            <subfield code="a">On current subscription.</subfield>
        </datafield>
        <datafield tag="852" ind1="0" ind2=" ">
            <subfield code="a">FTaSU</subfield>
            <subfield code="b">FSUSP</subfield>
            <subfield code="c">NAP</subfield>
            <subfield code="h">DC139</subfield>
            <subfield code="i">.A62</subfield>
            <subfield code="t">2</subfield>
        </datafield>
        <datafield tag="866" ind1="3" ind2="1">
            <subfield code="b">FSU STROZIER, Special Coll</subfield>
            <subfield code="c">Napoleon</subfield>
            <subfield code="h">DC139</subfield>
            <subfield code="i">.A62</subfield>
            <subfield code="a">t.49 pt.2 (1977)-t.49 pt.4 (1977)</subfield>
        </datafield>
        <datafield tag="866" ind1="3" ind2="1">
            <subfield code="b">FSU STROZIER, Special Coll</subfield>
            <subfield code="c">Napoleon</subfield>
            <subfield code="h">DC139</subfield>
            <subfield code="i">.A62</subfield>
            <subfield code="a">Index: t.18(1946)-t.34(1962)</subfield>
        </datafield>
        <datafield tag="852" ind1="0" ind2="1">
            <subfield code="a">FU</subfield>
            <subfield code="b">UFSWE</subfield>
            <subfield code="c">GEN</subfield>
            <subfield code="h">DC139</subfield>
            <subfield code="i">.A62</subfield>
            <subfield code="x">lwcon</subfield>
            <subfield code="x">RECL.TO DC139.A62</subfield>
            <subfield code="x">RECL NKY 07/06</subfield>
            <subfield code="x">2012 cancellation project (print)-ejg(9/20/2012)</subfield>
            <subfield code="z">Print cancelled 2012.</subfield>
        </datafield>
        <datafield tag="853" ind1="2" ind2="0">
            <subfield code="8">1</subfield>
            <subfield code="a">v.</subfield>
            <subfield code="b">n.</subfield>
            <subfield code="g">no.</subfield>
            <subfield code="u">4</subfield>
            <subfield code="v">c</subfield>
            <subfield code="w">q</subfield>
        </datafield>
        <datafield tag="863" ind1="4" ind2="0">
            <subfield code="8">1.20</subfield>
            <subfield code="a">55-64</subfield>
            <subfield code="b">-290</subfield>
            <subfield code="i">1983- 1992</subfield>
        </datafield>
        <datafield tag="853" ind1="2" ind2="0">
            <subfield code="8">2</subfield>
            <subfield code="a">no.</subfield>
            <subfield code="i">(year)</subfield>
            <subfield code="j">(month)</subfield>
        </datafield>
        <datafield tag="863" ind1="4" ind2="0">
            <subfield code="8">2.20</subfield>
            <subfield code="a">298-370</subfield>
            <subfield code="g">-4</subfield>
            <subfield code="i">1994-2012</subfield>
            <subfield code="j">10/12-10/12</subfield>
        </datafield>
        <datafield tag="855" ind1=" " ind2=" ">
            <subfield code="8">1</subfield>
            <subfield code="a">(year)</subfield>
        </datafield>
        <datafield tag="865" ind1=" " ind2=" ">
            <subfield code="8">1.10</subfield>
            <subfield code="a">1988/1999</subfield>
        </datafield>
        <datafield tag="852" ind1="1" ind2="1">
            <subfield code="a">FU</subfield>
            <subfield code="b">UFSTO</subfield>
            <subfield code="c">GEN</subfield>
            <subfield code="h">944.04</subfield>
            <subfield code="i">A6131</subfield>
        </datafield>
        <datafield tag="853" ind1="2" ind2="0">
            <subfield code="8">1</subfield>
            <subfield code="a">(year)</subfield>
            <subfield code="b">no.</subfield>
            <subfield code="g">(no.)</subfield>
            <subfield code="u">3</subfield>
            <subfield code="v">r</subfield>
            <subfield code="i">(year)</subfield>
            <subfield code="j">(month)</subfield>
            <subfield code="w">3</subfield>
            <subfield code="y">pm01,07,10</subfield>
        </datafield>
        <datafield tag="863" ind1="4" ind2="1">
            <subfield code="8">1.10</subfield>
            <subfield code="a">1-7</subfield>
            <subfield code="b">17-28</subfield>
            <subfield code="i">1924-1930</subfield>
            <subfield code="w">g</subfield>
        </datafield>
        <datafield tag="863" ind1="4" ind2="1">
            <subfield code="8">1.20</subfield>
            <subfield code="a">9-51</subfield>
            <subfield code="b">33</subfield>
            <subfield code="i">1932-1979</subfield>
        </datafield>
        <datafield tag="855" ind1=" " ind2=" ">
            <subfield code="8">1</subfield>
            <subfield code="a">(year)</subfield>
        </datafield>
        <datafield tag="865" ind1=" " ind2=" ">
            <subfield code="8">1.10</subfield>
            <subfield code="a">1919/1923</subfield>
        </datafield>
        <datafield tag="865" ind1=" " ind2=" ">
            <subfield code="8">1.15</subfield>
            <subfield code="a">1946/1962</subfield>
        </datafield>
        <datafield tag="852" ind1=" " ind2=" ">
            <subfield code="a">FlGaFAR</subfield>
            <subfield code="b">FLARE</subfield>
            <subfield code="c">TRAY</subfield>
        </datafield>
        <datafield tag="853" ind1="0" ind2="0">
            <subfield code="8">1</subfield>
            <subfield code="a">année</subfield>
            <subfield code="i">(year)</subfield>
        </datafield>
        <datafield tag="863" ind1="4" ind2="0">
            <subfield code="8">1.10</subfield>
            <subfield code="a">52-54</subfield>
            <subfield code="i">1980-1982</subfield>
        </datafield>
        <datafield tag="852" ind1="0" ind2=" ">
            <subfield code="a">FTaSU</subfield>
            <subfield code="b">FSUSP</subfield>
            <subfield code="c">NAP</subfield>
            <subfield code="h">DC139</subfield>
            <subfield code="i">.A62</subfield>
        </datafield>
        <datafield tag="852" ind1="0" ind2=" ">
            <subfield code="a">FTaSU</subfield>
            <subfield code="b">FSUSP</subfield>
            <subfield code="c">NAP</subfield>
            <subfield code="h">DC139</subfield>
            <subfield code="i">.A62</subfield>
            <subfield code="t">2</subfield>
        </datafield>
        <datafield tag="852" ind1="0" ind2="1">
            <subfield code="a">FU</subfield>
            <subfield code="b">UFSWE</subfield>
            <subfield code="c">GEN</subfield>
            <subfield code="h">DC139</subfield>
            <subfield code="i">.A62</subfield>
            <subfield code="x">lwcon</subfield>
            <subfield code="x">RECL.TO DC139.A62</subfield>
            <subfield code="x">RECL NKY 07/06</subfield>
            <subfield code="x">2012 cancellation project (print)-ejg(9/20/2012)</subfield>
            <subfield code="z">Print cancelled 2012.</subfield>
        </datafield>
        <datafield tag="852" ind1="1" ind2="1">
            <subfield code="a">FU</subfield>
            <subfield code="b">UFSWE</subfield>
            <subfield code="c">PER</subfield>
            <subfield code="h">944.04</subfield>
            <subfield code="i">A6131</subfield>
            <subfield code="t">2</subfield>
        </datafield>
        <datafield tag="852" ind1="1" ind2="1">
            <subfield code="a">FU</subfield>
            <subfield code="b">UFSTO</subfield>
            <subfield code="c">GEN</subfield>
            <subfield code="h">944.04</subfield>
            <subfield code="i">A6131</subfield>
        </datafield>
        <datafield tag="852" ind1=" " ind2=" ">
            <subfield code="a">FlGaFAR</subfield>
            <subfield code="b">FLARE</subfield>
            <subfield code="c">TRAY</subfield>
        </datafield>
        <datafield tag="951" ind1=" " ind2=" ">
            <subfield code="1">05</subfield>
            <subfield code="a">FSU01:000220185;</subfield>
            <subfield code="5">FTaSU</subfield>
        </datafield>
        <datafield tag="951" ind1=" " ind2=" ">
            <subfield code="1">08</subfield>
            <subfield code="a">UFU01:000271302;</subfield>
            <subfield code="5">FU</subfield>
        </datafield>
        <datafield tag="999" ind1=" " ind2=" ">
            <subfield code="a">AAY6403001</subfield>
        </datafield>
        <datafield tag="999" ind1=" " ind2=" ">
            <subfield code="a">AAY6403002</subfield>
        </datafield>
        <datafield tag="999" ind1=" " ind2=" ">
            <subfield code="a">ABP7142001</subfield>
        </datafield>
    </record>