-->
<!--    <record>
        <leader>01082cam a2200289Ia 4500</leader>
        <controlfield tag="001">025681989</controlfield>
        <controlfield tag="004">FSAGM6647001</controlfield>
        <controlfield tag="005">20120623023100.0</controlfield>
        <controlfield tag="007">hd|afv|||baca</controlfield>
        <controlfield tag="008">871006r19781811ctu ab 000|0 eng d</controlfield>
        <datafield tag="035" ind1=" " ind2=" ">
            <subfield code="a">(OCoLC)16817693</subfield>
        </datafield>
        <datafield tag="040" ind1=" " ind2=" ">
            <subfield code="a">TXA</subfield>
            <subfield code="c">GKR</subfield>
        </datafield>
        <datafield tag="043" ind1=" " ind2=" ">
            <subfield code="a">e-uk-\-\-</subfield>
        </datafield>
        <datafield tag="090" ind1=" " ind2=" ">
            <subfield code="a">HB161</subfield>
            <subfield code="b">.G64 no. 20330</subfield>
        </datafield>
        <datafield tag="092" ind1=" " ind2=" ">
            <subfield code="a">330</subfield>
            <subfield code="b">G62</subfield>
        </datafield>
        <datafield tag="099" ind1=" " ind2=" ">
            <subfield code="a">Film</subfield>
            <subfield code="a">4318</subfield>
        </datafield>
        <datafield tag="100" ind1="1" ind2=" ">
            <subfield code="a">Rosse, Lawrence Parsons,</subfield>
            <subfield code="c">Earl of,</subfield>
            <subfield code="d">1758-1841.</subfield>
        </datafield>
        <datafield tag="245" ind1="1" ind2="0">
            <subfield code="a">Observations on the present state of the currency of
                England</subfield>
            <subfield code="h">microform /</subfield>
            <subfield code="c">by the Earl of Rosse.</subfield>
        </datafield>
        <datafield tag="260" ind1=" " ind2=" ">
            <subfield code="a">London :</subfield>
            <subfield code="b">Printed for J.J. Stockdale,</subfield>
            <subfield code="c">1811.</subfield>
        </datafield>
        <datafield tag="300" ind1=" " ind2=" ">
            <subfield code="a">95 p.;</subfield>
            <subfield code="c">23 cm.</subfield>
        </datafield>
        <datafield tag="504" ind1=" " ind2=" ">
            <subfield code="a">Includes bibliographical references.</subfield>
        </datafield>
        <datafield tag="533" ind1=" " ind2=" ">
            <subfield code="a">Microfilm.</subfield>
            <subfield code="b">New Haven, Conn. :</subfield>
            <subfield code="c">Research Publications,</subfield>
            <subfield code="d">[1978].</subfield>
            <subfield code="e">1 microfilm reel ; 35 mm.</subfield>
            <subfield code="f">(Goldsmiths'-Kress library of economic literature ; no.
                20330)</subfield>
            <subfield code="5">FTaSU</subfield>
        </datafield>
        <datafield tag="650" ind1=" " ind2="0">
            <subfield code="a">Currency question</subfield>
            <subfield code="z">Great Britain.</subfield>
        </datafield>
        <datafield tag="852" ind1="4" ind2=" ">
            <subfield code="a">FTaSU</subfield>
            <subfield code="b">FSULC</subfield>
            <subfield code="c">MICR</subfield>
            <subfield code="h">Film 4318 no.20330</subfield>
        </datafield>
        <datafield tag="852" ind1="4" ind2=" ">
            <subfield code="a">FTaSU</subfield>
            <subfield code="b">FSULC</subfield>
            <subfield code="c">MICR</subfield>
            <subfield code="h">Film 4318 no.20330</subfield>
        </datafield>
        <datafield tag="951" ind1=" " ind2=" ">
            <subfield code="1">05</subfield>
            <subfield code="a">FSU01:001170493;</subfield>
            <subfield code="5">FTaSU</subfield>
        </datafield>
        <datafield tag="999" ind1=" " ind2=" ">
            <subfield code="a">AGM6647001</subfield>
        </datafield>
    </record>