
    <record>
        <leader>01381cam a2200337I 4500</leader>
        <controlfield tag="001">025709685</controlfield>
        <controlfield tag="004">FSACX8241001</controlfield>
        <controlfield tag="005">20120623023200.0</controlfield>
        <controlfield tag="008">780921s1898 fr 000|0 fre </controlfield>
        <datafield tag="010" ind1=" " ind2=" ">
            <subfield code="a"> 03031682 </subfield>
        </datafield>
        <datafield tag="035" ind1=" " ind2=" ">
            <subfield code="a">(OCoLC)04241986</subfield>
        </datafield>
        <datafield tag="040" ind1=" " ind2=" ">
            <subfield code="a">DLC</subfield>
            <subfield code="c">TXR</subfield>
            <subfield code="d">SER</subfield>
        </datafield>
        <datafield tag="050" ind1="0" ind2=" ">
            <subfield code="a">DC198.D2</subfield>
            <subfield code="b">V6</subfield>
        </datafield>
        <datafield tag="100" ind1="1" ind2=" ">
            <subfield code="a">Vigier, Henri,</subfield>
            <subfield code="c">comte.</subfield>
        </datafield>
        <datafield tag="245" ind1="0" ind2="0">
            <subfield code="a">Davout, maréchal d'empire,</subfield>
            <subfield code="b">duc d'Auerstaedt, prince d'Eckmühl (1770-1823)</subfield>
            <subfield code="c">par son arrière-petit-fils le comte Vigier. Précédé d'une
                introduction de M. Frédéric Masson.</subfield>
        </datafield>
        <datafield tag="260" ind1=" " ind2=" ">
            <subfield code="a">Paris,</subfield>
            <subfield code="b">P. Ollendorff,</subfield>
            <subfield code="c">1898.</subfield>
        </datafield>
        <datafield tag="300" ind1=" " ind2=" ">
            <subfield code="a">2 v.</subfield>
            <subfield code="c">23 cm.</subfield>
        </datafield>
        <datafield tag="600" ind1="1" ind2="0">
            <subfield code="a">Davout, Louis Nicolas,</subfield>
            <subfield code="c">duc d'Auerstaedt et prince d'Eckmühl,</subfield>
            <subfield code="d">1770-1823.</subfield>
        </datafield>
        <datafield tag="650" ind1=" " ind2="0">
            <subfield code="a">Napoleonic Wars, 1800-1815.</subfield>
        </datafield>
        <datafield tag="650" ind1=" " ind2="0">
            <subfield code="a">Marshals</subfield>
            <subfield code="z">France</subfield>
            <subfield code="x">Biography.</subfield>
        </datafield>
        <datafield tag="651" ind1=" " ind2="0">
            <subfield code="a">France</subfield>
            <subfield code="x">History</subfield>
            <subfield code="y">Consulate and First Empire, 1799-1815.</subfield>
        </datafield>
        <datafield tag="651" ind1=" " ind2="0">
            <subfield code="a">France</subfield>
            <subfield code="x">History, Military</subfield>
            <subfield code="y">1789-1815.</subfield>
        </datafield>
        <datafield tag="852" ind1="0" ind2=" ">
            <subfield code="a">FTaSU</subfield>
            <subfield code="b">FSUSP</subfield>
            <subfield code="c">NAP</subfield>
            <subfield code="h">DC198.D2</subfield>
            <subfield code="i">V6</subfield>
            <subfield code="t">2</subfield>
        </datafield>
        <datafield tag="866" ind1="3" ind2="1">
            <subfield code="b">FSU STROZIER, Special Coll</subfield>
            <subfield code="c">Napoleon</subfield>
            <subfield code="h">DC198.D2</subfield>
            <subfield code="i">V6</subfield>
            <subfield code="a">t. 1-2</subfield>
            <subfield code="x">Redesignated from subbasement 10/05/2006 rjm</subfield>
        </datafield>
        <datafield tag="852" ind1="0" ind2=" ">
            <subfield code="a">FTaSU</subfield>
            <subfield code="b">FSUSP</subfield>
            <subfield code="c">NAP</subfield>
            <subfield code="h">DC198.D2</subfield>
            <subfield code="i">V6</subfield>
        </datafield>
        <datafield tag="866" ind1="3" ind2="1">
            <subfield code="b">FSU STROZIER, Special Coll</subfield>
            <subfield code="c">Napoleon</subfield>
            <subfield code="h">DC198.D2</subfield>
            <subfield code="i">V6</subfield>
            <subfield code="a">t. 1-2</subfield>
        </datafield>
        <datafield tag="852" ind1="0" ind2=" ">
            <subfield code="a">FTaSU</subfield>
            <subfield code="b">FSUSP</subfield>
            <subfield code="c">NAP</subfield>
            <subfield code="h">DC198.D2</subfield>
            <subfield code="i">V6</subfield>
            <subfield code="t">2</subfield>
        </datafield>
        <datafield tag="852" ind1="0" ind2=" ">
            <subfield code="a">FTaSU</subfield>
            <subfield code="b">FSUSP</subfield>
            <subfield code="c">NAP</subfield>
            <subfield code="h">DC198.D2</subfield>
            <subfield code="i">V6</subfield>
        </datafield>
        <datafield tag="951" ind1=" " ind2=" ">
            <subfield code="1">05</subfield>
            <subfield code="a">FSU01:000665637;</subfield>
            <subfield code="5">FTaSU</subfield>
        </datafield>
        <datafield tag="999" ind1=" " ind2=" ">
            <subfield code="a">ACX8241001</subfield>
        </datafield>
        <datafield tag="999" ind1=" " ind2=" ">
            <subfield code="a">ACX8241002</subfield>
        </datafield>
    </record>