
    <record>
        <leader>00888nam a2200253I 4500</leader>
        <controlfield tag="001">025779130</controlfield>
        <controlfield tag="004">FSACY0973001</controlfield>
        <controlfield tag="005">20120623023600.0</controlfield>
        <controlfield tag="008">791011s1952 fr h 000|0afrem </controlfield>
        <datafield tag="010" ind1=" " ind2=" ">
            <subfield code="a"> 54038201 </subfield>
        </datafield>
        <datafield tag="035" ind1=" " ind2=" ">
            <subfield code="a">(OCoLC)05515708</subfield>
        </datafield>
        <datafield tag="040" ind1=" " ind2=" ">
            <subfield code="a">DLC</subfield>
            <subfield code="c">BXM</subfield>
            <subfield code="d">m.c.</subfield>
        </datafield>
        <datafield tag="092" ind1=" " ind2=" ">
            <subfield code="a">848</subfield>
            <subfield code="b">S778Za</subfield>
        </datafield>
        <datafield tag="100" ind1="1" ind2=" ">
            <subfield code="a">Staël,</subfield>
            <subfield code="c">Madame de</subfield>
            <subfield code="q">(Anne-Louise-Germaine),</subfield>
            <subfield code="d">1766-1817</subfield>
        </datafield>
        <datafield tag="245" ind1="1" ind2="0">
            <subfield code="a">Lettres de Madame de Staël à Madame Récamier,</subfield>
            <subfield code="c">présentées et annotées par E. Beau de Loménie.</subfield>
        </datafield>
        <datafield tag="250" ind1=" " ind2=" ">
            <subfield code="a">1. éd. intégrale.</subfield>
        </datafield>
        <datafield tag="260" ind1=" " ind2=" ">
            <subfield code="a">Paris,</subfield>
            <subfield code="b">Domat</subfield>
            <subfield code="c">[1952]</subfield>
        </datafield>
        <datafield tag="300" ind1=" " ind2=" ">
            <subfield code="a">275 p.</subfield>
            <subfield code="b">facsim.</subfield>
            <subfield code="c">20 cm.</subfield>
        </datafield>
        <datafield tag="700" ind1="1" ind2=" ">
            <subfield code="a">Récamier, Jeanne Françoise Julie Adélaïde (Bernard)</subfield>
            <subfield code="d">1777-1849.</subfield>
        </datafield>
        <datafield tag="700" ind1="1" ind2=" ">
            <subfield code="a">Beau de Loménie, Emmanuel</subfield>
            <subfield code="d">1896-</subfield>
        </datafield>
        <datafield tag="852" ind1="0" ind2=" ">
            <subfield code="a">FTaSU</subfield>
            <subfield code="b">FSRS2</subfield>
            <subfield code="c">GEN</subfield>
            <subfield code="h">DC146.S7</subfield>
            <subfield code="i">A4 1952</subfield>
        </datafield>
        <datafield tag="852" ind1="0" ind2=" ">
            <subfield code="a">FTaSU</subfield>
            <subfield code="b">FSRS2</subfield>
            <subfield code="c">GEN</subfield>
            <subfield code="h">DC146.S7</subfield>
            <subfield code="i">A4 1952</subfield>
        </datafield>
        <datafield tag="951" ind1=" " ind2=" ">
            <subfield code="1">05</subfield>
            <subfield code="a">FSU01:000668111;</subfield>
            <subfield code="5">FTaSU</subfield>
        </datafield>
        <datafield tag="999" ind1=" " ind2=" ">
            <subfield code="a">ACY0973001</subfield>
        </datafield>
    </record>