
    <record>
        <leader>01534cam a2200325Ia 4500</leader>
        <controlfield tag="001">025874941</controlfield>
        <controlfield tag="004">FSAKD6100001</controlfield>
        <controlfield tag="005">20071107091256.0</controlfield>
        <controlfield tag="008">970425s1843 fr a b 000|0 fre d</controlfield>
        <datafield tag="035" ind1=" " ind2=" ">
            <subfield code="a">(OCoLC)36804529</subfield>
        </datafield>
        <datafield tag="040" ind1=" " ind2=" ">
            <subfield code="a">NOC</subfield>
            <subfield code="c">NOC</subfield>
        </datafield>
        <datafield tag="090" ind1=" " ind2=" ">
            <subfield code="a">DC226.2</subfield>
            <subfield code="b">.H578 1843</subfield>
        </datafield>
        <datafield tag="245" ind1="0" ind2="0">
            <subfield code="a">Histoire des campagnes de l'empéreur Napoléon :</subfield>
            <subfield code="b">dans la Bavière et l'Autriche en 1805, dans la Prusse et la Pologne
                en 1806 et 1807, dans la Bavière et l'Autriche en 1809.</subfield>
        </datafield>
        <datafield tag="246" ind1="1" ind2="8">
            <subfield code="a">Histoire des campagnes de Napoléon en 1805-1809</subfield>
        </datafield>
        <datafield tag="260" ind1=" " ind2=" ">
            <subfield code="a">Paris :</subfield>
            <subfield code="b">Ch. Picquet,</subfield>
            <subfield code="c">1843.</subfield>
        </datafield>
        <datafield tag="300" ind1=" " ind2=" ">
            <subfield code="a">xx, 431, 272 p. :</subfield>
            <subfield code="b">ill. ;</subfield>
            <subfield code="c">27 cm.</subfield>
        </datafield>
        <datafield tag="500" ind1=" " ind2=" ">
            <subfield code="a">Appears to have been issued later as t. 8 of: Mémorial du Dépôt de la
                guerre (published 1826-1904).</subfield>
            <subfield code="5">FTaSU</subfield>
        </datafield>
        <datafield tag="500" ind1=" " ind2=" ">
            <subfield code="a">Introd. (p. xviii) signed: G. P.</subfield>
            <subfield code="5">FTaSU</subfield>
        </datafield>
        <datafield tag="500" ind1=" " ind2=" ">
            <subfield code="a">&quot;Pièces officielles relatives aux premières guerres de
                l'empire&quot;: p. 1-272 (2nd group)</subfield>
            <subfield code="5">FTaSU</subfield>
        </datafield>
        <datafield tag="504" ind1=" " ind2=" ">
            <subfield code="a">Includes bibliographical references.</subfield>
        </datafield>
        <datafield tag="650" ind1=" " ind2="0">
            <subfield code="a">Napoleonic Wars, 1800-1815</subfield>
            <subfield code="x">Campaigns</subfield>
            <subfield code="v">Sources.</subfield>
        </datafield>
        <datafield tag="651" ind1=" " ind2="0">
            <subfield code="a">France</subfield>
            <subfield code="x">History, Military</subfield>
            <subfield code="y">1789-1815</subfield>
            <subfield code="v">Sources.</subfield>
        </datafield>
        <datafield tag="600" ind1="0" ind2="0">
            <subfield code="a">Napoleon</subfield>
            <subfield code="b">I,</subfield>
            <subfield code="c">Emperor of the French,</subfield>
            <subfield code="d">1769-1821.</subfield>
        </datafield>
        <datafield tag="700" ind1="0" ind2=" ">
            <subfield code="a">Napoleon</subfield>
            <subfield code="b">I,</subfield>
            <subfield code="c">Emperor of the French,</subfield>
            <subfield code="d">1769-1821.</subfield>
        </datafield>
        <datafield tag="700" ind1="1" ind2=" ">
            <subfield code="a">Pelet, Jean Jacques Germain,</subfield>
            <subfield code="c">Baron,</subfield>
            <subfield code="d">1777-1858.</subfield>
        </datafield>
        <datafield tag="710" ind1="2" ind2=" ">
            <subfield code="a">Dépôt de la guerre (France).</subfield>
            <subfield code="t">Mémorial du Dépôt de la guerre.</subfield>
        </datafield>
        <datafield tag="852" ind1="0" ind2=" ">
            <subfield code="a">FTaSU</subfield>
            <subfield code="b">FSUSP</subfield>
            <subfield code="c">NAP</subfield>
            <subfield code="h">DC226.2</subfield>
            <subfield code="i">.H578 1843</subfield>
        </datafield>
        <datafield tag="852" ind1="0" ind2=" ">
            <subfield code="a">FTaSU</subfield>
            <subfield code="b">FSUSP</subfield>
            <subfield code="c">NAP</subfield>
            <subfield code="h">DC226.2</subfield>
            <subfield code="i">.H578 1843</subfield>
        </datafield>
        <datafield tag="951" ind1=" " ind2=" ">
            <subfield code="1">05</subfield>
            <subfield code="a">FSU01:001685713;</subfield>
            <subfield code="5">FTaSU</subfield>
        </datafield>
        <datafield tag="999" ind1=" " ind2=" ">
            <subfield code="a">AKD6100001</subfield>
        </datafield>
    </record>