
    <record>
        <leader>02054nam a2200445 a 4500</leader>
        <controlfield tag="001">025878816</controlfield>
        <controlfield tag="004">FSAFC8241001</controlfield>
        <controlfield tag="005">20141204043600.0</controlfield>
        <controlfield tag="008">931208s1959 sp 000|0 spa d</controlfield>
        <datafield tag="010" ind1=" " ind2=" ">
            <subfield code="a"> 93241130 </subfield>
        </datafield>
        <datafield tag="035" ind1=" " ind2=" ">
            <subfield code="a">(OCoLC)11465969</subfield>
        </datafield>
        <datafield tag="040" ind1=" " ind2=" ">
            <subfield code="a">TxFTC</subfield>
            <subfield code="c">DLC</subfield>
            <subfield code="d">FUG</subfield>
        </datafield>
        <datafield tag="042" ind1=" " ind2=" ">
            <subfield code="a">lccopycat</subfield>
        </datafield>
        <datafield tag="043" ind1=" " ind2=" ">
            <subfield code="a">e-uk---</subfield>
            <subfield code="a">e-sp---</subfield>
        </datafield>
        <datafield tag="050" ind1="0" ind2="0">
            <subfield code="a">DC232</subfield>
            <subfield code="b">.P48 1959</subfield>
        </datafield>
        <datafield tag="090" ind1=" " ind2=" ">
            <subfield code="a">DP208</subfield>
            <subfield code="b">.P4</subfield>
        </datafield>
        <datafield tag="099" ind1=" " ind2=" ">
            <subfield code="a">946.06</subfield>
            <subfield code="a">C749</subfield>
        </datafield>
        <datafield tag="100" ind1="1" ind2=" ">
            <subfield code="a">Petrie, Charles,</subfield>
            <subfield code="c">Sir,</subfield>
            <subfield code="d">1895-</subfield>
        </datafield>
        <datafield tag="245" ind1="1" ind2="0">
            <subfield code="a">Great Britain and the war of independence /</subfield>
            <subfield code="c">by Sir Charles Petrie.</subfield>
        </datafield>
        <datafield tag="260" ind1=" " ind2=" ">
            <subfield code="a">[Zaragoza] :</subfield>
            <subfield code="b">Institución &quot;Fernando el Católico&quot;,</subfield>
            <subfield code="c">1959.</subfield>
        </datafield>
        <datafield tag="300" ind1=" " ind2=" ">
            <subfield code="a">19 p. ;</subfield>
            <subfield code="c">24 cm.</subfield>
        </datafield>
        <datafield tag="490" ind1="0" ind2=" ">
            <subfield code="a">Institución &quot;Fernando el Católico.&quot; Publicación
                ;</subfield>
            <subfield code="v">217</subfield>
            <subfield code="5">FTaSU</subfield>
        </datafield>
        <datafield tag="490" ind1="1" ind2=" ">
            <subfield code="a">II Congreso Histórico Internacional de la Guerra de la Independencia
                y su Epoca, Zaragoza, 1959. Ponencia ;</subfield>
            <subfield code="v">13</subfield>
            <subfield code="5">FTaSU</subfield>
        </datafield>
        <datafield tag="490" ind1="1" ind2=" ">
            <subfield code="a">Publicación núm. 217 de la Institución &quot;Fernando el
                Católico&quot;</subfield>
            <subfield code="5">FU</subfield>
        </datafield>
        <datafield tag="490" ind1="1" ind2=" ">
            <subfield code="a">Ponencia / Congreso Histórico Internacional de la Guerra de la
                Independencia y su Epoca ;</subfield>
            <subfield code="v">13</subfield>
            <subfield code="5">FU</subfield>
        </datafield>
        <datafield tag="650" ind1=" " ind2="0">
            <subfield code="a">Peninsular War, 1807-1814</subfield>
            <subfield code="z">Spain.</subfield>
        </datafield>
        <datafield tag="651" ind1=" " ind2="0">
            <subfield code="a">Spain</subfield>
            <subfield code="x">History</subfield>
            <subfield code="y">Napoleonic Conquest, 1808-1813.</subfield>
        </datafield>
        <datafield tag="651" ind1=" " ind2="0">
            <subfield code="a">Spain</subfield>
            <subfield code="x">Foreign relations</subfield>
            <subfield code="z">Great Britain.</subfield>
        </datafield>
        <datafield tag="651" ind1=" " ind2="0">
            <subfield code="a">Great Britain</subfield>
            <subfield code="x">Foreign relations</subfield>
            <subfield code="z">Spain.</subfield>
        </datafield>
        <datafield tag="651" ind1=" " ind2="0">
            <subfield code="a">Great Britain</subfield>
            <subfield code="x">History</subfield>
            <subfield code="y">1789-1820.</subfield>
        </datafield>
        <datafield tag="810" ind1="2" ind2=" ">
            <subfield code="a">Congreso Histørico International de la Guerra de la Independencia y
                su Epoca,</subfield>
            <subfield code="n">2nd,</subfield>
            <subfield code="c">Saragossa,</subfield>
            <subfield code="d">1959.</subfield>
            <subfield code="t">Ponencia ;</subfield>
            <subfield code="v">13</subfield>
        </datafield>
        <datafield tag="830" ind1=" " ind2="0">
            <subfield code="a">Ponencia (Congreso Histórico Internacional de la Guerra de la
                Independencia y su Epoca (2nd : 1959 : Zaragosa, Spain)) ;</subfield>
            <subfield code="v">13.</subfield>
        </datafield>
        <datafield tag="830" ind1=" " ind2="0">
            <subfield code="a">Publicación ... de la Institución &quot;Fernando el Católico&quot;
                ;</subfield>
            <subfield code="v">no. 217.</subfield>
        </datafield>
        <datafield tag="830" ind1=" " ind2="0">
            <subfield code="a">Publicación ... de la Institución &quot;Fernando el
                Católico&quot;.</subfield>
        </datafield>
        <datafield tag="852" ind1="0" ind2=" ">
            <subfield code="a">FTaSU</subfield>
            <subfield code="b">FSULC</subfield>
            <subfield code="c">SUB</subfield>
            <subfield code="h">DP208</subfield>
            <subfield code="i">.P4</subfield>
        </datafield>
        <datafield tag="852" ind1="0" ind2=" ">
            <subfield code="a">FTaSU</subfield>
            <subfield code="b">FSULC</subfield>
            <subfield code="c">SUB</subfield>
            <subfield code="h">DP208</subfield>
            <subfield code="i">.P4</subfield>
        </datafield>
        <datafield tag="852" ind1="1" ind2=" ">
            <subfield code="a">FU</subfield>
            <subfield code="b">UFSTO</subfield>
            <subfield code="c">GEN</subfield>
            <subfield code="h">946.06</subfield>
            <subfield code="i">C749p no.13</subfield>
            <subfield code="x">moved to serial record</subfield>
        </datafield>
        <datafield tag="951" ind1=" " ind2=" ">
            <subfield code="1">05</subfield>
            <subfield code="a">FSU01:000954337;</subfield>
            <subfield code="5">FTaSU</subfield>
        </datafield>
        <datafield tag="951" ind1=" " ind2=" ">
            <subfield code="1">08</subfield>
            <subfield code="a">UFU01:002192949;</subfield>
            <subfield code="5">FU</subfield>
        </datafield>
        <datafield tag="999" ind1=" " ind2=" ">
            <subfield code="a">AFC8241001</subfield>
        </datafield>
    </record>