
    <record>
        <leader>01224nam a2200301Ia 4500</leader>
        <controlfield tag="001">025886721</controlfield>
        <controlfield tag="004">FSACY5407001</controlfield>
        <controlfield tag="005">20120623024200.0</controlfield>
        <controlfield tag="008">840808s1913 enkbf b 001|0 eng d</controlfield>
        <datafield tag="035" ind1=" " ind2=" ">
            <subfield code="a">(OCoLC)11031425</subfield>
        </datafield>
        <datafield tag="040" ind1=" " ind2=" ">
            <subfield code="a">MHR</subfield>
            <subfield code="c">MHR</subfield>
        </datafield>
        <datafield tag="041" ind1="1" ind2=" ">
            <subfield code="a">eng</subfield>
            <subfield code="h">ger</subfield>
        </datafield>
        <datafield tag="043" ind1=" " ind2=" ">
            <subfield code="a">e-gx---</subfield>
            <subfield code="a">e------</subfield>
        </datafield>
        <datafield tag="090" ind1=" " ind2=" ">
            <subfield code="a">DC229</subfield>
            <subfield code="b">.G6 1913</subfield>
        </datafield>
        <datafield tag="110" ind1="1" ind2=" ">
            <subfield code="a">Goltz, Colmar,</subfield>
            <subfield code="c">Freiherr von der,</subfield>
            <subfield code="d">1843-1916.</subfield>
        </datafield>
        <datafield tag="240" ind1="1" ind2="0">
            <subfield code="a">Von Jena bis Pr. Eylau.</subfield>
            <subfield code="l">English</subfield>
        </datafield>
        <datafield tag="245" ind1="1" ind2="0">
            <subfield code="a">Jena to Eylau :</subfield>
            <subfield code="b">the disgrace and the redemption of the old-Prussian army : a study in
                military history / by Colmar, Freiherr von der Goltz ; translated by C.F.
                Atkinson.</subfield>
        </datafield>
        <datafield tag="260" ind1=" " ind2=" ">
            <subfield code="a">London :</subfield>
            <subfield code="b">Kegan Paul, Trench, Trübner &amp; Co.,</subfield>
            <subfield code="c">1913.</subfield>
        </datafield>
        <datafield tag="300" ind1=" " ind2=" ">
            <subfield code="a">xv, 340 p., [15] folded leaves of plates :</subfield>
            <subfield code="b">maps ;</subfield>
            <subfield code="c">20 cm.</subfield>
        </datafield>
        <datafield tag="490" ind1="0" ind2=" ">
            <subfield code="a">The Wolseley series</subfield>
            <subfield code="5">FTaSU</subfield>
        </datafield>
        <datafield tag="504" ind1=" " ind2=" ">
            <subfield code="a">Includes bibliographical references and indexes.</subfield>
        </datafield>
        <datafield tag="600" ind1="0" ind2="0">
            <subfield code="a">Napoleon</subfield>
            <subfield code="b">I,</subfield>
            <subfield code="c">Emperor of the French,</subfield>
            <subfield code="d">1769-1821.</subfield>
        </datafield>
        <datafield tag="650" ind1=" " ind2="0">
            <subfield code="a">Napoleonic Wars, 1800-1815</subfield>
            <subfield code="x">Campaigns</subfield>
            <subfield code="z">Germany (East).</subfield>
        </datafield>
        <datafield tag="650" ind1=" " ind2="0">
            <subfield code="a">Napoleonic Wars, 1800-1815</subfield>
            <subfield code="x">Campaigns</subfield>
            <subfield code="z">Russia.</subfield>
        </datafield>
        <datafield tag="852" ind1="0" ind2=" ">
            <subfield code="a">FTaSU</subfield>
            <subfield code="b">FSUSP</subfield>
            <subfield code="c">NAP</subfield>
            <subfield code="h">DC229</subfield>
            <subfield code="i">.G6 1913</subfield>
        </datafield>
        <datafield tag="852" ind1="0" ind2=" ">
            <subfield code="a">FTaSU</subfield>
            <subfield code="b">FSUSP</subfield>
            <subfield code="c">NAP</subfield>
            <subfield code="h">DC229</subfield>
            <subfield code="i">.G6 1913</subfield>
        </datafield>
        <datafield tag="951" ind1=" " ind2=" ">
            <subfield code="1">05</subfield>
            <subfield code="a">FSU01:000672107;</subfield>
            <subfield code="5">FTaSU</subfield>
        </datafield>
        <datafield tag="999" ind1=" " ind2=" ">
            <subfield code="a">ACY5407001</subfield>
        </datafield>
    </record>