
    <record>
        <leader>01353cam a2200397I 4500</leader>
        <controlfield tag="001">026034879</controlfield>
        <controlfield tag="004">FSABB5762001</controlfield>
        <controlfield tag="005">20080519113513.0</controlfield>
        <controlfield tag="008">790525s1945 fr 000 0dfre </controlfield>
        <datafield tag="010" ind1=" " ind2=" ">
            <subfield code="a">49043120</subfield>
        </datafield>
        <datafield tag="019" ind1=" " ind2=" ">
            <subfield code="a">1842812</subfield>
        </datafield>
        <datafield tag="035" ind1=" " ind2=" ">
            <subfield code="a">(OCoLC)05004810</subfield>
        </datafield>
        <datafield tag="040" ind1=" " ind2=" ">
            <subfield code="a">DLC</subfield>
            <subfield code="c">UUM</subfield>
            <subfield code="d">EL</subfield>
            <subfield code="$">dOCLCQ</subfield>
            <subfield code="d">DIBAM</subfield>
            <subfield code="d">FUG</subfield>
        </datafield>
        <datafield tag="043" ind1=" " ind2=" ">
            <subfield code="a">e-fr---</subfield>
        </datafield>
        <datafield tag="050" ind1="0" ind2=" ">
            <subfield code="a">DC198.F7</subfield>
            <subfield code="b">A2 1945</subfield>
        </datafield>
        <datafield tag="082" ind1=" " ind2=" ">
            <subfield code="a">944.04</subfield>
        </datafield>
        <datafield tag="090" ind1=" " ind2=" ">
            <subfield code="a">DC198.F7</subfield>
            <subfield code="b">A2 1945</subfield>
        </datafield>
        <datafield tag="092" ind1=" " ind2=" ">
            <subfield code="a">944.046</subfield>
            <subfield code="b">Fou</subfield>
        </datafield>
        <datafield tag="100" ind1="1" ind2=" ">
            <subfield code="a">Fouché, Joseph,</subfield>
            <subfield code="c">duc d'Otrante,</subfield>
            <subfield code="d">1759-1820.</subfield>
        </datafield>
        <datafield tag="245" ind1="1" ind2="4">
            <subfield code="a">Les mémoires de Fouché.</subfield>
            <subfield code="c">Introd. et notes par Louis Madelin.</subfield>
        </datafield>
        <datafield tag="260" ind1=" " ind2=" ">
            <subfield code="a">Paris,</subfield>
            <subfield code="b">Flammarion</subfield>
            <subfield code="c">[1945]</subfield>
        </datafield>
        <datafield tag="300" ind1=" " ind2=" ">
            <subfield code="a">522 p.</subfield>
            <subfield code="c">22 cm.</subfield>
        </datafield>
        <datafield tag="600" ind1="3" ind2="0">
            <subfield code="a">Bonaparte family.</subfield>
        </datafield>
        <datafield tag="651" ind1=" " ind2="0">
            <subfield code="a">France</subfield>
            <subfield code="x">Court and courtiers.</subfield>
        </datafield>
        <datafield tag="651" ind1=" " ind2="0">
            <subfield code="a">France</subfield>
            <subfield code="x">History</subfield>
            <subfield code="y">1789-1815.</subfield>
        </datafield>
        <datafield tag="651" ind1=" " ind2="4">
            <subfield code="a">Francia</subfield>
            <subfield code="x">Corte y cortesanos.</subfield>
        </datafield>
        <datafield tag="651" ind1=" " ind2="7">
            <subfield code="a">FRANCIA</subfield>
            <subfield code="x">HISTORIA</subfield>
            <subfield code="y">1789-1815.</subfield>
            <subfield code="2">renib</subfield>
        </datafield>
        <datafield tag="651" ind1=" " ind2="7">
            <subfield code="a">FRANCIA</subfield>
            <subfield code="x">CORTE Y CORTESANOS.</subfield>
            <subfield code="2">renib</subfield>
        </datafield>
        <datafield tag="852" ind1="0" ind2=" ">
            <subfield code="a">FTaSU</subfield>
            <subfield code="b">FSUSP</subfield>
            <subfield code="c">NAP</subfield>
            <subfield code="h">DC198.F7</subfield>
            <subfield code="i">A2 1945</subfield>
            <subfield code="x">Redesignated from subbasement 10/05/2006 lmd</subfield>
        </datafield>
        <datafield tag="852" ind1="0" ind2=" ">
            <subfield code="a">FU</subfield>
            <subfield code="b">UFSWE</subfield>
            <subfield code="c">GEN</subfield>
            <subfield code="h">DC198.F7</subfield>
            <subfield code="i">A2 1945</subfield>
        </datafield>
        <datafield tag="852" ind1="0" ind2=" ">
            <subfield code="a">FTaSU</subfield>
            <subfield code="b">FSUSP</subfield>
            <subfield code="c">NAP</subfield>
            <subfield code="h">DC198.F7</subfield>
            <subfield code="i">A2 1945</subfield>
            <subfield code="x">Redesignated from subbasement 10/05/2006 lmd</subfield>
        </datafield>
        <datafield tag="852" ind1="0" ind2=" ">
            <subfield code="a">FU</subfield>
            <subfield code="b">UFSWE</subfield>
            <subfield code="c">GEN</subfield>
            <subfield code="h">DC198.F7</subfield>
            <subfield code="i">A2 1945</subfield>
        </datafield>
        <datafield tag="951" ind1=" " ind2=" ">
            <subfield code="1">05</subfield>
            <subfield code="a">FSU01:000248667;</subfield>
            <subfield code="5">FTaSU</subfield>
        </datafield>
        <datafield tag="951" ind1=" " ind2=" ">
            <subfield code="1">08</subfield>
            <subfield code="a">UFU01:000689374;</subfield>
            <subfield code="5">FU</subfield>
        </datafield>
        <datafield tag="999" ind1=" " ind2=" ">
            <subfield code="a">ABB5762001</subfield>
        </datafield>
        <datafield tag="999" ind1=" " ind2=" ">
            <subfield code="a">ADN0585001</subfield>
        </datafield>
    </record>