
    <record>
        <leader>00736nam a2200217K 4500</leader>
        <controlfield tag="001">026260986</controlfield>
        <controlfield tag="004">FSAKF4275001</controlfield>
        <controlfield tag="005">20120623030300.0</controlfield>
        <controlfield tag="008">881230s1908 fr cf 000|1 fre d</controlfield>
        <datafield tag="035" ind1=" " ind2=" ">
            <subfield code="a">(OCoLC)18957118</subfield>
        </datafield>
        <datafield tag="040" ind1=" " ind2=" ">
            <subfield code="a">CUY</subfield>
            <subfield code="c">CUY</subfield>
        </datafield>
        <datafield tag="090" ind1=" " ind2=" ">
            <subfield code="a">PQ2605.C63</subfield>
            <subfield code="b">S68 1908</subfield>
        </datafield>
        <datafield tag="100" ind1="1" ind2=" ">
            <subfield code="a">Cocuaud, Camille,</subfield>
            <subfield code="d">1877-1911.</subfield>
        </datafield>
        <datafield tag="245" ind1="1" ind2="4">
            <subfield code="a">Les souffrances de l'Aiglon /</subfield>
            <subfield code="c">Camille Cocuaud.</subfield>
        </datafield>
        <datafield tag="260" ind1=" " ind2=" ">
            <subfield code="a">Paris :</subfield>
            <subfield code="b">Cocuaud &amp; cie,</subfield>
            <subfield code="c">1908.</subfield>
        </datafield>
        <datafield tag="300" ind1=" " ind2=" ">
            <subfield code="a">250 p. :</subfield>
            <subfield code="b">ill., ports. ;</subfield>
            <subfield code="c">20 cm.</subfield>
        </datafield>
        <datafield tag="600" ind1="1" ind2="0">
            <subfield code="a">Bonaparte, François-Charles-Joseph,</subfield>
            <subfield code="c">Herzog von Reichstadt,</subfield>
            <subfield code="d">1811-1832</subfield>
            <subfield code="x">Fiction.</subfield>
        </datafield>
        <datafield tag="852" ind1="0" ind2=" ">
            <subfield code="a">FTaSU</subfield>
            <subfield code="b">FSUSP</subfield>
            <subfield code="c">GEN</subfield>
            <subfield code="h">PQ2605.C63</subfield>
            <subfield code="i">S68 1908</subfield>
        </datafield>
        <datafield tag="852" ind1="0" ind2=" ">
            <subfield code="a">FTaSU</subfield>
            <subfield code="b">FSUSP</subfield>
            <subfield code="c">GEN</subfield>
            <subfield code="h">PQ2605.C63</subfield>
            <subfield code="i">S68 1908</subfield>
        </datafield>
        <datafield tag="951" ind1=" " ind2=" ">
            <subfield code="1">05</subfield>
            <subfield code="a">FSU01:001702439;</subfield>
            <subfield code="5">FTaSU</subfield>
        </datafield>
        <datafield tag="999" ind1=" " ind2=" ">
            <subfield code="a">AKF4275001</subfield>
        </datafield>
    </record>