
    <record>
        <leader>00831cam a2200241I 4500</leader>
        <controlfield tag="001">026281610</controlfield>
        <controlfield tag="004">FSAKF5486001</controlfield>
        <controlfield tag="005">20120623030400.0</controlfield>
        <controlfield tag="008">750424s1854 enkbe 000|0 eng u</controlfield>
        <datafield tag="010" ind1=" " ind2=" ">
            <subfield code="a"> 04012320 </subfield>
        </datafield>
        <datafield tag="035" ind1=" " ind2=" ">
            <subfield code="a">(OCoLC)01296239</subfield>
        </datafield>
        <datafield tag="040" ind1=" " ind2=" ">
            <subfield code="c">WTU</subfield>
            <subfield code="d">SER</subfield>
        </datafield>
        <datafield tag="050" ind1="0" ind2="0">
            <subfield code="a">DC201</subfield>
            <subfield code="b">.B94 1854</subfield>
        </datafield>
        <datafield tag="100" ind1="1" ind2=" ">
            <subfield code="a">Bunbury, Henry,</subfield>
            <subfield code="c">Sir,</subfield>
            <subfield code="d">1778-1860.</subfield>
        </datafield>
        <datafield tag="245" ind1="1" ind2="0">
            <subfield code="a">Narratives of some passages in the great war with France, from 1799
                to 1810 /</subfield>
            <subfield code="c">by Lieut.-Gen. Sir Henry Bunbury, K.C.B.</subfield>
        </datafield>
        <datafield tag="260" ind1=" " ind2=" ">
            <subfield code="a">London :</subfield>
            <subfield code="b">R. Bentley,</subfield>
            <subfield code="c">1854.</subfield>
        </datafield>
        <datafield tag="300" ind1=" " ind2=" ">
            <subfield code="a">xxiv, 471 p. :</subfield>
            <subfield code="b">5 maps, plan. ;</subfield>
            <subfield code="c">22 cm.</subfield>
        </datafield>
        <datafield tag="651" ind1=" " ind2="0">
            <subfield code="a">Europe</subfield>
            <subfield code="x">History</subfield>
            <subfield code="y">1789-1815.</subfield>
        </datafield>
        <datafield tag="651" ind1=" " ind2="0">
            <subfield code="a">Great Britain</subfield>
            <subfield code="x">History</subfield>
            <subfield code="y">1789-1820.</subfield>
        </datafield>
        <datafield tag="852" ind1="0" ind2=" ">
            <subfield code="a">FTaSU</subfield>
            <subfield code="b">FSUSP</subfield>
            <subfield code="c">NAP</subfield>
            <subfield code="h">DC201</subfield>
            <subfield code="i">.B94 1854</subfield>
        </datafield>
        <datafield tag="852" ind1="0" ind2=" ">
            <subfield code="a">FTaSU</subfield>
            <subfield code="b">FSUSP</subfield>
            <subfield code="c">NAP</subfield>
            <subfield code="h">DC201</subfield>
            <subfield code="i">.B94 1854</subfield>
        </datafield>
        <datafield tag="951" ind1=" " ind2=" ">
            <subfield code="1">05</subfield>
            <subfield code="a">FSU01:001703547;</subfield>
            <subfield code="5">FTaSU</subfield>
        </datafield>
        <datafield tag="999" ind1=" " ind2=" ">
            <subfield code="a">AKF5486001</subfield>
        </datafield>
    </record>