
    <record>
        <leader>00860nam a2200253I 4500</leader>
        <controlfield tag="001">026302710</controlfield>
        <controlfield tag="004">FSABB3889001</controlfield>
        <controlfield tag="005">20120623030500.0</controlfield>
        <controlfield tag="008">751108s1969 xx 000|0 fre </controlfield>
        <datafield tag="010" ind1=" " ind2=" ">
            <subfield code="a"> 74517272 </subfield>
        </datafield>
        <datafield tag="035" ind1=" " ind2=" ">
            <subfield code="a">(OCoLC)01817842</subfield>
        </datafield>
        <datafield tag="040" ind1=" " ind2=" ">
            <subfield code="a">DLC</subfield>
            <subfield code="c">IQU</subfield>
            <subfield code="d">FDA</subfield>
        </datafield>
        <datafield tag="050" ind1="0" ind2=" ">
            <subfield code="a">DC146.L38</subfield>
            <subfield code="b">D6</subfield>
        </datafield>
        <datafield tag="100" ind1="1" ind2=" ">
            <subfield code="a">Doyon, André.</subfield>
        </datafield>
        <datafield tag="245" ind1="1" ind2="3">
            <subfield code="a">Un agent royaliste pendant la Révolution: Pierre-Jacques Le Maître
                (1790-1795).</subfield>
        </datafield>
        <datafield tag="260" ind1=" " ind2=" ">
            <subfield code="a">Paris,</subfield>
            <subfield code="b">Société des études robespierristes,</subfield>
            <subfield code="c">1969.</subfield>
        </datafield>
        <datafield tag="300" ind1=" " ind2=" ">
            <subfield code="a">xiv, 142 p.</subfield>
            <subfield code="c">25 cm.</subfield>
        </datafield>
        <datafield tag="440" ind1=" " ind2="0">
            <subfield code="a">Bibliothèque d'histoire révolutionnaire,</subfield>
            <subfield code="v">3. sér., no 11</subfield>
            <subfield code="5">FTaSU</subfield>
        </datafield>
        <datafield tag="504" ind1=" " ind2=" ">
            <subfield code="a">Bibliography: p. [ix]-xii.</subfield>
        </datafield>
        <datafield tag="600" ind1="1" ind2="0">
            <subfield code="a">Le Maître, Pierre Jacques,</subfield>
            <subfield code="d">d. 1795.</subfield>
        </datafield>
        <datafield tag="852" ind1="0" ind2=" ">
            <subfield code="a">FTaSU</subfield>
            <subfield code="b">FSULC</subfield>
            <subfield code="c">SUB</subfield>
            <subfield code="h">DC146.L38</subfield>
            <subfield code="i">D6</subfield>
        </datafield>
        <datafield tag="852" ind1="0" ind2=" ">
            <subfield code="a">FTaSU</subfield>
            <subfield code="b">FSULC</subfield>
            <subfield code="c">SUB</subfield>
            <subfield code="h">DC146.L38</subfield>
            <subfield code="i">D6</subfield>
        </datafield>
        <datafield tag="951" ind1=" " ind2=" ">
            <subfield code="1">05</subfield>
            <subfield code="a">FSU01:000246844;</subfield>
            <subfield code="5">FTaSU</subfield>
        </datafield>
        <datafield tag="999" ind1=" " ind2=" ">
            <subfield code="a">ABB3889001</subfield>
        </datafield>
    </record>