
    <record>
        <leader>01069nam a2200265Ia 4500</leader>
        <controlfield tag="001">026345905</controlfield>
        <controlfield tag="004">FSAKF8247001</controlfield>
        <controlfield tag="005">20120623030800.0</controlfield>
        <controlfield tag="008">960402s1941 fr 000|0 fre d</controlfield>
        <datafield tag="035" ind1=" " ind2=" ">
            <subfield code="a">(OCoLC)41091277</subfield>
        </datafield>
        <datafield tag="040" ind1=" " ind2=" ">
            <subfield code="a">FDA</subfield>
            <subfield code="c">FDA</subfield>
        </datafield>
        <datafield tag="090" ind1=" " ind2=" ">
            <subfield code="a">DC198.B48</subfield>
            <subfield code="b">B47 1941</subfield>
        </datafield>
        <datafield tag="100" ind1="1" ind2=" ">
            <subfield code="a">Bessières, Albert,</subfield>
            <subfield code="d">b. 1877.</subfield>
        </datafield>
        <datafield tag="245" ind1="1" ind2="3">
            <subfield code="a">Le maréchal Bessières, duc d'Istrie (1768-1813) :</subfield>
            <subfield code="b">le Bayard de la Grande armée /</subfield>
            <subfield code="c">Albert Bessières.</subfield>
        </datafield>
        <datafield tag="260" ind1=" " ind2=" ">
            <subfield code="a">Paris,</subfield>
            <subfield code="b">Charles-Lavauzelle &amp; Cie,</subfield>
            <subfield code="c">1941.</subfield>
        </datafield>
        <datafield tag="300" ind1=" " ind2=" ">
            <subfield code="a">304 p. :</subfield>
            <subfield code="b">ill. ;</subfield>
            <subfield code="c">23 cm.</subfield>
        </datafield>
        <datafield tag="504" ind1=" " ind2=" ">
            <subfield code="a">Includes bibliographical references.</subfield>
        </datafield>
        <datafield tag="600" ind1="1" ind2="0">
            <subfield code="a">Bessières, Jean-Baptiste,</subfield>
            <subfield code="c">duc d'Istrie,</subfield>
            <subfield code="d">1768-1813.</subfield>
        </datafield>
        <datafield tag="610" ind1="1" ind2="0">
            <subfield code="a">France.</subfield>
            <subfield code="b">Armée.</subfield>
            <subfield code="b">Grande Armée</subfield>
            <subfield code="x">Biography.</subfield>
        </datafield>
        <datafield tag="650" ind1=" " ind2="0">
            <subfield code="a">Napoleonic wars, 1800-1815</subfield>
            <subfield code="x">Biography.</subfield>
        </datafield>
        <datafield tag="650" ind1=" " ind2="0">
            <subfield code="a">Marshals</subfield>
            <subfield code="z">France</subfield>
            <subfield code="x">Biography.</subfield>
        </datafield>
        <datafield tag="852" ind1="0" ind2=" ">
            <subfield code="a">FTaSU</subfield>
            <subfield code="b">FSUSP</subfield>
            <subfield code="c">NAP</subfield>
            <subfield code="h">DC198.B48</subfield>
            <subfield code="i">B47 1941</subfield>
            <subfield code="x">Redesignated from subbasement 10/05/2006 rjm</subfield>
        </datafield>
        <datafield tag="852" ind1="0" ind2=" ">
            <subfield code="a">FTaSU</subfield>
            <subfield code="b">FSUSP</subfield>
            <subfield code="c">NAP</subfield>
            <subfield code="h">DC198.B48</subfield>
            <subfield code="i">B47 1941</subfield>
            <subfield code="x">Redesignated from subbasement 10/05/2006 rjm</subfield>
        </datafield>
        <datafield tag="951" ind1=" " ind2=" ">
            <subfield code="1">05</subfield>
            <subfield code="a">FSU01:001706174;</subfield>
            <subfield code="5">FTaSU</subfield>
        </datafield>
        <datafield tag="999" ind1=" " ind2=" ">
            <subfield code="a">AKF8247001</subfield>
        </datafield>
    </record>