
    <record>
        <leader>00946nam a2200229I 4500</leader>
        <controlfield tag="001">026397138</controlfield>
        <controlfield tag="004">FSABB7982001</controlfield>
        <controlfield tag="005">20071029152429.0</controlfield>
        <controlfield tag="008">751202s1826 enkb 000|0beng d</controlfield>
        <datafield tag="035" ind1=" " ind2=" ">
            <subfield code="a">(OCoLC)01868911</subfield>
        </datafield>
        <datafield tag="040" ind1=" " ind2=" ">
            <subfield code="a">CIN</subfield>
            <subfield code="c">CIN</subfield>
            <subfield code="d">FDA</subfield>
        </datafield>
        <datafield tag="090" ind1=" " ind2=" ">
            <subfield code="a">DC211</subfield>
            <subfield code="b">.M23 1826</subfield>
        </datafield>
        <datafield tag="100" ind1="1" ind2=" ">
            <subfield code="a">Maitland, Frederick Lewis,</subfield>
            <subfield code="c">Sir,</subfield>
            <subfield code="d">1777-1839.</subfield>
        </datafield>
        <datafield tag="245" ind1="1" ind2="0">
            <subfield code="a">Narrative of the surrender of Buonaparte and of his residence on
                board H.M.S. Bellerophon;</subfield>
            <subfield code="b">with a detail of the principal events that occured in that ship,
                between the 24th of May and the 8th of August, 1815.</subfield>
            <subfield code="c">by Captain F.L. Maitland, C.B.</subfield>
        </datafield>
        <datafield tag="250" ind1=" " ind2=" ">
            <subfield code="a">2d ed.</subfield>
        </datafield>
        <datafield tag="260" ind1=" " ind2=" ">
            <subfield code="a">London,</subfield>
            <subfield code="b">H. Colburn,</subfield>
            <subfield code="c">1826.</subfield>
        </datafield>
        <datafield tag="300" ind1=" " ind2=" ">
            <subfield code="a">xvi, 248 p.</subfield>
            <subfield code="b">fold. map.</subfield>
            <subfield code="c">23 cm.</subfield>
        </datafield>
        <datafield tag="600" ind1="0" ind2="0">
            <subfield code="a">Napoleon</subfield>
            <subfield code="b">I,</subfield>
            <subfield code="c">Emperor of the French,</subfield>
            <subfield code="d">1769-1821</subfield>
            <subfield code="x">Captivity, 1815-1821.</subfield>
        </datafield>
        <datafield tag="852" ind1="0" ind2=" ">
            <subfield code="a">FTaSU</subfield>
            <subfield code="b">FSUSP</subfield>
            <subfield code="c">NAP</subfield>
            <subfield code="h">DC211</subfield>
            <subfield code="i">.M23 1826</subfield>
        </datafield>
        <datafield tag="852" ind1="0" ind2=" ">
            <subfield code="a">FTaSU</subfield>
            <subfield code="b">FSUSP</subfield>
            <subfield code="c">NAP</subfield>
            <subfield code="h">DC211</subfield>
            <subfield code="i">.M23 1826</subfield>
        </datafield>
        <datafield tag="951" ind1=" " ind2=" ">
            <subfield code="1">05</subfield>
            <subfield code="a">FSU01:000250826;</subfield>
            <subfield code="5">FTaSU</subfield>
        </datafield>
        <datafield tag="999" ind1=" " ind2=" ">
            <subfield code="a">ABB7982001</subfield>
        </datafield>
    </record>