
    <record>
        <leader>01261nam a2200349I 4500</leader>
        <controlfield tag="001">026407539</controlfield>
        <controlfield tag="004">FSABB8407001</controlfield>
        <controlfield tag="005">20120623081100.0</controlfield>
        <controlfield tag="008">751204s1911 enkf 000|0bengmc</controlfield>
        <datafield tag="010" ind1=" " ind2=" ">
            <subfield code="a">w 11000094 </subfield>
        </datafield>
        <datafield tag="035" ind1=" " ind2=" ">
            <subfield code="a">(OCoLC)01875166</subfield>
        </datafield>
        <datafield tag="040" ind1=" " ind2=" ">
            <subfield code="a">Washington, D. C. Public library</subfield>
            <subfield code="c">CIN</subfield>
            <subfield code="d">CIN</subfield>
            <subfield code="d">FDA</subfield>
        </datafield>
        <datafield tag="041" ind1="1" ind2=" ">
            <subfield code="a">engfre</subfield>
        </datafield>
        <datafield tag="090" ind1=" " ind2=" ">
            <subfield code="a">DC206</subfield>
            <subfield code="b">.M33</subfield>
        </datafield>
        <datafield tag="090" ind1=" " ind2=" ">
            <subfield code="a">DC206</subfield>
            <subfield code="b">.M38 1911a</subfield>
        </datafield>
        <datafield tag="092" ind1=" " ind2=" ">
            <subfield code="a">B</subfield>
            <subfield code="b">N216mdEc</subfield>
        </datafield>
        <datafield tag="100" ind1="1" ind2=" ">
            <subfield code="a">Masson, Frédéric,</subfield>
            <subfield code="d">1847-1923.</subfield>
        </datafield>
        <datafield tag="245" ind1="1" ind2="0">
            <subfield code="a">Napoleon and his coronation,</subfield>
            <subfield code="c">by Frédéric Masson. Tr. by Frederic Cobb, with 7 illustrations by
                Félicien Myrbach.</subfield>
        </datafield>
        <datafield tag="260" ind1=" " ind2=" ">
            <subfield code="a">London,</subfield>
            <subfield code="a">Leipsic,</subfield>
            <subfield code="b">T. F. Unwin,</subfield>
            <subfield code="c">1911.</subfield>
        </datafield>
        <datafield tag="300" ind1=" " ind2=" ">
            <subfield code="a">351, [1] p.</subfield>
            <subfield code="b">7 pl. (incl. front.)</subfield>
            <subfield code="c">23 cm.</subfield>
        </datafield>
        <datafield tag="500" ind1=" " ind2=" ">
            <subfield code="a">Each plate accompanied by leaf with descriptive
                letterpress.</subfield>
            <subfield code="5">FTaSU</subfield>
            <subfield code="5">FU</subfield>
        </datafield>
        <datafield tag="500" ind1=" " ind2=" ">
            <subfield code="a">Title in red and black.</subfield>
            <subfield code="5">FTaSU</subfield>
            <subfield code="5">FU</subfield>
        </datafield>
        <datafield tag="600" ind1="0" ind2="0">
            <subfield code="a">Napoleon</subfield>
            <subfield code="b">I,</subfield>
            <subfield code="c">Emperor of the French,</subfield>
            <subfield code="d">1769-1821.</subfield>
        </datafield>
        <datafield tag="700" ind1="1" ind2=" ">
            <subfield code="a">Cobb, Frederic,</subfield>
            <subfield code="e">tr.</subfield>
        </datafield>
        <datafield tag="852" ind1="0" ind2=" ">
            <subfield code="a">FTaSU</subfield>
            <subfield code="b">FSUSP</subfield>
            <subfield code="c">NAP</subfield>
            <subfield code="h">DC206</subfield>
            <subfield code="i">.M33</subfield>
        </datafield>
        <datafield tag="852" ind1="0" ind2=" ">
            <subfield code="a">FU</subfield>
            <subfield code="b">UFSWE</subfield>
            <subfield code="c">GEN</subfield>
            <subfield code="h">DC206</subfield>
            <subfield code="i">.M38 1911a</subfield>
        </datafield>
        <datafield tag="852" ind1="0" ind2=" ">
            <subfield code="a">FTaSU</subfield>
            <subfield code="b">FSUSP</subfield>
            <subfield code="c">NAP</subfield>
            <subfield code="h">DC206</subfield>
            <subfield code="i">.M33</subfield>
        </datafield>
        <datafield tag="852" ind1="0" ind2=" ">
            <subfield code="a">FU</subfield>
            <subfield code="b">UFSWE</subfield>
            <subfield code="c">GEN</subfield>
            <subfield code="h">DC206</subfield>
            <subfield code="i">.M38 1911a</subfield>
        </datafield>
        <datafield tag="951" ind1=" " ind2=" ">
            <subfield code="1">05</subfield>
            <subfield code="a">FSU01:000251242;</subfield>
            <subfield code="5">FTaSU</subfield>
        </datafield>
        <datafield tag="951" ind1=" " ind2=" ">
            <subfield code="1">08</subfield>
            <subfield code="a">UFU01:000940792;</subfield>
            <subfield code="5">FU</subfield>
        </datafield>
        <datafield tag="999" ind1=" " ind2=" ">
            <subfield code="a">ABB8407001</subfield>
        </datafield>
        <datafield tag="999" ind1=" " ind2=" ">
            <subfield code="a">AEQ2324001</subfield>
        </datafield>
    </record>