
    <record>
        <leader>00977nam a2200265I 4500</leader>
        <controlfield tag="001">026429568</controlfield>
        <controlfield tag="004">FSABB9343001</controlfield>
        <controlfield tag="005">20120623031300.0</controlfield>
        <controlfield tag="008">751210s1958 fr b b 000|0 fre d</controlfield>
        <datafield tag="010" ind1=" " ind2=" ">
            <subfield code="a">a 59003328 </subfield>
        </datafield>
        <datafield tag="035" ind1=" " ind2=" ">
            <subfield code="a">(OCoLC)01889441</subfield>
        </datafield>
        <datafield tag="040" ind1=" " ind2=" ">
            <subfield code="a">CIN</subfield>
            <subfield code="c">CIN</subfield>
            <subfield code="d">FDA</subfield>
        </datafield>
        <datafield tag="090" ind1=" " ind2=" ">
            <subfield code="a">DC158.8</subfield>
            <subfield code="b">.S6</subfield>
        </datafield>
        <datafield tag="100" ind1="1" ind2=" ">
            <subfield code="a">Soboul, Albert.</subfield>
        </datafield>
        <datafield tag="245" ind1="0" ind2="4">
            <subfield code="a">Les sans-culottes parisiens en l'an II;</subfield>
            <subfield code="b">mouvement populaire et gouvernement révolutionnaire, 2 Juin 1793-9
                thermidor An II.</subfield>
        </datafield>
        <datafield tag="260" ind1=" " ind2=" ">
            <subfield code="a">Paris,</subfield>
            <subfield code="b">Librairie Clavreuil,</subfield>
            <subfield code="c">1958.</subfield>
        </datafield>
        <datafield tag="300" ind1=" " ind2=" ">
            <subfield code="a">1168 p.</subfield>
            <subfield code="b">maps.</subfield>
            <subfield code="c">26 cm.</subfield>
        </datafield>
        <datafield tag="504" ind1=" " ind2=" ">
            <subfield code="a">Bibliography: p. [1037]-1066.</subfield>
        </datafield>
        <datafield tag="650" ind1=" " ind2="0">
            <subfield code="a">Sansculottes.</subfield>
        </datafield>
        <datafield tag="651" ind1=" " ind2="0">
            <subfield code="a">France</subfield>
            <subfield code="x">History</subfield>
            <subfield code="y">Reign of Terror, 1793-1794.</subfield>
        </datafield>
        <datafield tag="651" ind1=" " ind2="0">
            <subfield code="a">Paris (France)</subfield>
            <subfield code="x">History.</subfield>
        </datafield>
        <datafield tag="852" ind1="0" ind2=" ">
            <subfield code="a">FTaSU</subfield>
            <subfield code="b">FSUSP</subfield>
            <subfield code="c">NAP</subfield>
            <subfield code="h">DC158.8</subfield>
            <subfield code="i">.S6</subfield>
            <subfield code="x">Redesignated from subbasement 09/20/2006 nmd</subfield>
        </datafield>
        <datafield tag="852" ind1="0" ind2=" ">
            <subfield code="a">FTaSU</subfield>
            <subfield code="b">FSUSP</subfield>
            <subfield code="c">NAP</subfield>
            <subfield code="h">DC158.8</subfield>
            <subfield code="i">.S6</subfield>
            <subfield code="x">Redesignated from subbasement 09/20/2006 nmd</subfield>
        </datafield>
        <datafield tag="951" ind1=" " ind2=" ">
            <subfield code="1">05</subfield>
            <subfield code="a">FSU01:000252160;</subfield>
            <subfield code="5">FTaSU</subfield>
        </datafield>
        <datafield tag="999" ind1=" " ind2=" ">
            <subfield code="a">ABB9343001</subfield>
        </datafield>
    </record>