
    <record>
        <leader>01054nam a2200241I 4500</leader>
        <controlfield tag="001">026433083</controlfield>
        <controlfield tag="004">FSABB9486001</controlfield>
        <controlfield tag="005">20120623031300.0</controlfield>
        <controlfield tag="008">751211s1895 fr c 000|0afre d</controlfield>
        <datafield tag="035" ind1=" " ind2=" ">
            <subfield code="a">(OCoLC)01891831</subfield>
        </datafield>
        <datafield tag="040" ind1=" " ind2=" ">
            <subfield code="a">CIN</subfield>
            <subfield code="c">CIN</subfield>
            <subfield code="d">FDA</subfield>
        </datafield>
        <datafield tag="090" ind1=" " ind2=" ">
            <subfield code="a">DC146.L355</subfield>
            <subfield code="b">A3</subfield>
        </datafield>
        <datafield tag="100" ind1="1" ind2=" ">
            <subfield code="a">La Revellière-Lépeaux, Louis-Marie de,</subfield>
            <subfield code="d">1753-1824.</subfield>
        </datafield>
        <datafield tag="245" ind1="1" ind2="0">
            <subfield code="a">Mémoires de Larevellière-Lépeaux,</subfield>
            <subfield code="b">membre du Directoire exécutif de la République française et de
                l'Institut national.</subfield>
            <subfield code="c">Publiés par son fils sur le manuscrit autographe de l'auteur et
                suivis des pièces justificatives et de correspondances inédites.</subfield>
        </datafield>
        <datafield tag="260" ind1=" " ind2=" ">
            <subfield code="a">Paris,</subfield>
            <subfield code="b">Plon, Nourrit,</subfield>
            <subfield code="c">1895.</subfield>
        </datafield>
        <datafield tag="300" ind1=" " ind2=" ">
            <subfield code="a">3 v.</subfield>
            <subfield code="b">port.</subfield>
            <subfield code="c">23 cm.</subfield>
        </datafield>
        <datafield tag="651" ind1=" " ind2="0">
            <subfield code="a">France</subfield>
            <subfield code="x">History</subfield>
            <subfield code="y">Revolution, 1789-1799.</subfield>
        </datafield>
        <datafield tag="600" ind1="1" ind2="0">
            <subfield code="a">La Revellière-Lépeaux, Louis-Marie de,</subfield>
            <subfield code="d">1753-1824.</subfield>
        </datafield>
        <datafield tag="852" ind1="0" ind2=" ">
            <subfield code="a">FTaSU</subfield>
            <subfield code="b">FSUSP</subfield>
            <subfield code="c">NAP</subfield>
            <subfield code="h">DC146.L355</subfield>
            <subfield code="i">A3</subfield>
            <subfield code="x">vk</subfield>
        </datafield>
        <datafield tag="866" ind1="3" ind2="1">
            <subfield code="b">FSU STROZIER, Special Coll</subfield>
            <subfield code="c">Napoleon</subfield>
            <subfield code="h">DC146.L355</subfield>
            <subfield code="i">A3</subfield>
            <subfield code="a">t. 1-3</subfield>
        </datafield>
        <datafield tag="852" ind1="0" ind2=" ">
            <subfield code="a">FTaSU</subfield>
            <subfield code="b">FSUSP</subfield>
            <subfield code="c">NAP</subfield>
            <subfield code="h">DC146.L355</subfield>
            <subfield code="i">A3</subfield>
            <subfield code="x">vk</subfield>
        </datafield>
        <datafield tag="951" ind1=" " ind2=" ">
            <subfield code="1">05</subfield>
            <subfield code="a">FSU01:000252299;</subfield>
            <subfield code="5">FTaSU</subfield>
        </datafield>
        <datafield tag="999" ind1=" " ind2=" ">
            <subfield code="a">ABB9486001</subfield>
        </datafield>
    </record>