
    <record>
        <leader>00892nam a2200253I 4500</leader>
        <controlfield tag="001">026438066</controlfield>
        <controlfield tag="004">FSABB9690001</controlfield>
        <controlfield tag="005">20120623031300.0</controlfield>
        <controlfield tag="008">751212s1912 fr a b 000|0bfre d</controlfield>
        <datafield tag="035" ind1=" " ind2=" ">
            <subfield code="a">(OCoLC)01895366</subfield>
        </datafield>
        <datafield tag="040" ind1=" " ind2=" ">
            <subfield code="a">CIN</subfield>
            <subfield code="c">CIN</subfield>
            <subfield code="d">FDA</subfield>
        </datafield>
        <datafield tag="090" ind1=" " ind2=" ">
            <subfield code="a">DC146.B4</subfield>
            <subfield code="b">G68</subfield>
        </datafield>
        <datafield tag="100" ind1="1" ind2=" ">
            <subfield code="a">Lenotre, G.,</subfield>
            <subfield code="d">1855-1935.</subfield>
        </datafield>
        <datafield tag="245" ind1="1" ind2="3">
            <subfield code="a">Un conspirateur royaliste pendant la terreur;</subfield>
            <subfield code="b">le baron de Batz, 1792-1795.</subfield>
            <subfield code="c">D'après des documents inédits par G. Lenotre [pseud.]</subfield>
        </datafield>
        <datafield tag="260" ind1=" " ind2=" ">
            <subfield code="a">Paris,</subfield>
            <subfield code="b">Perrin,</subfield>
            <subfield code="c">1912.</subfield>
        </datafield>
        <datafield tag="300" ind1=" " ind2=" ">
            <subfield code="a">xiii, 391 p.</subfield>
            <subfield code="b">illus.</subfield>
            <subfield code="c">20 cm.</subfield>
        </datafield>
        <datafield tag="504" ind1=" " ind2=" ">
            <subfield code="a">Bibliographical footnotes.</subfield>
        </datafield>
        <datafield tag="600" ind1="1" ind2="0">
            <subfield code="a">Batz, Jean Pierre,</subfield>
            <subfield code="c">baron de,</subfield>
            <subfield code="d">1754-1822.</subfield>
        </datafield>
        <datafield tag="651" ind1=" " ind2="0">
            <subfield code="a">France</subfield>
            <subfield code="x">History</subfield>
            <subfield code="y">Revolution, 1789-1799.</subfield>
        </datafield>
        <datafield tag="740" ind1="3" ind2="1">
            <subfield code="a">Le baron de Batz, 1792-1795.</subfield>
        </datafield>
        <datafield tag="852" ind1="0" ind2=" ">
            <subfield code="a">FTaSU</subfield>
            <subfield code="b">FSUSP</subfield>
            <subfield code="c">NAP</subfield>
            <subfield code="h">DC146.B4</subfield>
            <subfield code="i">G68</subfield>
        </datafield>
        <datafield tag="852" ind1="0" ind2=" ">
            <subfield code="a">FTaSU</subfield>
            <subfield code="b">FSUSP</subfield>
            <subfield code="c">NAP</subfield>
            <subfield code="h">DC146.B4</subfield>
            <subfield code="i">G68</subfield>
        </datafield>
        <datafield tag="951" ind1=" " ind2=" ">
            <subfield code="1">05</subfield>
            <subfield code="a">FSU01:000252496;</subfield>
            <subfield code="5">FTaSU</subfield>
        </datafield>
        <datafield tag="999" ind1=" " ind2=" ">
            <subfield code="a">ABB9690001</subfield>
        </datafield>
    </record>