
    <record>
        <leader>01494cas a2200373I 4500</leader>
        <controlfield tag="001">026444136</controlfield>
        <controlfield tag="004">FSABB9932001</controlfield>
        <controlfield tag="005">20120623031400.0</controlfield>
        <controlfield tag="008">751219c19629999it tr p 0|||a1ita d</controlfield>
        <datafield tag="022" ind1=" " ind2=" ">
            <subfield code="a">0035-6913</subfield>
        </datafield>
        <datafield tag="035" ind1=" " ind2=" ">
            <subfield code="a">(OCoLC)01898733</subfield>
        </datafield>
        <datafield tag="040" ind1=" " ind2=" ">
            <subfield code="a">COO</subfield>
            <subfield code="c">COO</subfield>
            <subfield code="d">YUS</subfield>
            <subfield code="d">m.c.</subfield>
            <subfield code="d">FDA</subfield>
        </datafield>
        <datafield tag="043" ind1=" " ind2=" ">
            <subfield code="a">e-it---</subfield>
        </datafield>
        <datafield tag="090" ind1=" " ind2=" ">
            <subfield code="a">DC197</subfield>
            <subfield code="b">.R48</subfield>
        </datafield>
        <datafield tag="222" ind1=" " ind2="0">
            <subfield code="a">Rivista italiana di studi napoleonici</subfield>
        </datafield>
        <datafield tag="245" ind1="0" ind2="0">
            <subfield code="a">Rivista italiana di studi napoleonici.</subfield>
        </datafield>
        <datafield tag="247" ind1="1" ind2="1">
            <subfield code="a">Bolletino italiano di studi napoleonici</subfield>
            <subfield code="f">1962-64</subfield>
        </datafield>
        <datafield tag="260" ind1=" " ind2=" ">
            <subfield code="a">[Firenze, etc.]</subfield>
        </datafield>
        <datafield tag="300" ind1=" " ind2=" ">
            <subfield code="c">25 cm.</subfield>
        </datafield>
        <datafield tag="362" ind1="0" ind2=" ">
            <subfield code="a">anno 1, n.1 (May 1962)-</subfield>
            <subfield code="5">FTaSU</subfield>
        </datafield>
        <datafield tag="547" ind1=" " ind2=" ">
            <subfield code="a">Title varies: anno 1-3; 1962-64, Bolletino italiano di studi
                napoleonici.</subfield>
        </datafield>
        <datafield tag="550" ind1=" " ind2=" ">
            <subfield code="a">&quot;A cura del Centro nazionale di studi napoleonici e di storia
                dell'Elba (Portoferraio)&quot;</subfield>
        </datafield>
        <datafield tag="651" ind1=" " ind2="0">
            <subfield code="a">Italy</subfield>
            <subfield code="x">History</subfield>
            <subfield code="y">1789-1815</subfield>
            <subfield code="x">Periodicals.</subfield>
        </datafield>
        <datafield tag="651" ind1=" " ind2="0">
            <subfield code="a">Elba (italy)</subfield>
            <subfield code="x">History</subfield>
            <subfield code="x">Periodicals.</subfield>
        </datafield>
        <datafield tag="600" ind1="0" ind2="0">
            <subfield code="a">Napoleon</subfield>
            <subfield code="b">I,</subfield>
            <subfield code="c">Emperor of the French,</subfield>
            <subfield code="d">1769-1821</subfield>
            <subfield code="x">Societies, etc.</subfield>
        </datafield>
        <datafield tag="710" ind1="2" ind2=" ">
            <subfield code="a">Centro nazionale di studi napoleonici e di storia
                dell'Elba.</subfield>
        </datafield>
        <datafield tag="852" ind1="0" ind2=" ">
            <subfield code="a">FTaSU</subfield>
            <subfield code="b">FSULC</subfield>
            <subfield code="c">SUB</subfield>
            <subfield code="h">DC197</subfield>
            <subfield code="i">.R48</subfield>
        </datafield>
        <datafield tag="866" ind1="3" ind2="1">
            <subfield code="b">FSU STROZIER LIBRARY</subfield>
            <subfield code="c">Subbasement - Ask at Circulation</subfield>
            <subfield code="h">DC197</subfield>
            <subfield code="i">.R48</subfield>
            <subfield code="a">anno 1(1962)-anno 10(1971)</subfield>
        </datafield>
        <datafield tag="852" ind1="0" ind2=" ">
            <subfield code="a">FTaSU</subfield>
            <subfield code="b">FSUSP</subfield>
            <subfield code="c">NAP</subfield>
            <subfield code="h">DC197</subfield>
            <subfield code="i">.R48</subfield>
        </datafield>
        <datafield tag="866" ind1="3" ind2="1">
            <subfield code="b">FSU STROZIER, Special Coll</subfield>
            <subfield code="c">Napoleon</subfield>
            <subfield code="h">DC197</subfield>
            <subfield code="i">.R48</subfield>
            <subfield code="a">anno 32(1999)</subfield>
        </datafield>
        <datafield tag="852" ind1="0" ind2=" ">
            <subfield code="a">FTaSU</subfield>
            <subfield code="b">FSULC</subfield>
            <subfield code="c">SUB</subfield>
            <subfield code="h">DC197</subfield>
            <subfield code="i">.R48</subfield>
        </datafield>
        <datafield tag="852" ind1="0" ind2=" ">
            <subfield code="a">FTaSU</subfield>
            <subfield code="b">FSUSP</subfield>
            <subfield code="c">NAP</subfield>
            <subfield code="h">DC197</subfield>
            <subfield code="i">.R48</subfield>
        </datafield>
        <datafield tag="951" ind1=" " ind2=" ">
            <subfield code="1">05</subfield>
            <subfield code="a">FSU01:000252734;</subfield>
            <subfield code="5">FTaSU</subfield>
        </datafield>
        <datafield tag="999" ind1=" " ind2=" ">
            <subfield code="a">ABB9932001</subfield>
        </datafield>
    </record>