
    <record>
        <leader>00992nam a2200253I 4500</leader>
        <controlfield tag="001">026449992</controlfield>
        <controlfield tag="004">FSABC0167001</controlfield>
        <controlfield tag="005">20141030064900.0</controlfield>
        <controlfield tag="008">751223s1929 enkacf 000|0deng d</controlfield>
        <datafield tag="035" ind1=" " ind2=" ">
            <subfield code="a">(OCoLC)01901814</subfield>
        </datafield>
        <datafield tag="040" ind1=" " ind2=" ">
            <subfield code="a">CIN</subfield>
            <subfield code="c">CIN</subfield>
            <subfield code="d">FDA</subfield>
        </datafield>
        <datafield tag="090" ind1=" " ind2=" ">
            <subfield code="a">DC146.W67</subfield>
            <subfield code="b">A3 1929</subfield>
        </datafield>
        <datafield tag="100" ind1="1" ind2=" ">
            <subfield code="a">Williams, Helen Maria,</subfield>
            <subfield code="d">1762-1827.</subfield>
        </datafield>
        <datafield tag="245" ind1="1" ind2="0">
            <subfield code="a">Memoirs of the reign of Robespierre,</subfield>
            <subfield code="c">by Helen Maria Williams.</subfield>
        </datafield>
        <datafield tag="260" ind1=" " ind2=" ">
            <subfield code="a">London :</subfield>
            <subfield code="b">J. Hamilton,</subfield>
            <subfield code="c">[1929?]</subfield>
        </datafield>
        <datafield tag="300" ind1=" " ind2=" ">
            <subfield code="a">208 p.</subfield>
            <subfield code="b">ill., plates, ports. ;</subfield>
            <subfield code="c">23 cm.</subfield>
        </datafield>
        <datafield tag="500" ind1=" " ind2=" ">
            <subfield code="a">&quot;Introduction, by F. Funck-Brentano,&quot; p. 11-21.</subfield>
            <subfield code="5">FTaSU</subfield>
        </datafield>
        <datafield tag="600" ind1="1" ind2="0">
            <subfield code="a">Robespierre, Maximilien,</subfield>
            <subfield code="d">1758-1794.</subfield>
        </datafield>
        <datafield tag="651" ind1=" " ind2="0">
            <subfield code="a">France</subfield>
            <subfield code="x">History</subfield>
            <subfield code="y">Revolution, 1789-1799.</subfield>
        </datafield>
        <datafield tag="700" ind1="1" ind2=" ">
            <subfield code="a">Funck-Brentano, Frantz,</subfield>
            <subfield code="d">1862-1947</subfield>
            <subfield code="e">ed.</subfield>
        </datafield>
        <datafield tag="852" ind1="0" ind2=" ">
            <subfield code="a">FTaSU</subfield>
            <subfield code="b">FSUSP</subfield>
            <subfield code="c">NAP</subfield>
            <subfield code="h">DC146.W67</subfield>
            <subfield code="i">A3 1929</subfield>
            <subfield code="x">Redesignated from subbasement 09/20/2006 nmd</subfield>
        </datafield>
        <datafield tag="852" ind1="0" ind2=" ">
            <subfield code="a">FTaSU</subfield>
            <subfield code="b">FSUSP</subfield>
            <subfield code="c">NAP</subfield>
            <subfield code="h">DC146.W67</subfield>
            <subfield code="i">A3 1929</subfield>
            <subfield code="x">Redesignated from subbasement 09/20/2006 nmd</subfield>
        </datafield>
        <datafield tag="951" ind1=" " ind2=" ">
            <subfield code="1">05</subfield>
            <subfield code="a">FSU01:000252966;</subfield>
            <subfield code="5">FTaSU</subfield>
        </datafield>
        <datafield tag="999" ind1=" " ind2=" ">
            <subfield code="a">ABC0167001</subfield>
        </datafield>
    </record>