
<!--    <record>
        <leader>01837cam a2200421Ia 4500</leader>
        <controlfield tag="001">026456942</controlfield>
        <controlfield tag="004">AMAAY8686001</controlfield>
        <controlfield tag="005">20150227143812.0</controlfield>
        <controlfield tag="007">hgraob|||b|||</controlfield>
        <controlfield tag="008">831028r19551631nyu c 000|0 eng d</controlfield>
        <datafield tag="035" ind1=" " ind2=" ">
            <subfield code="a">(OCoLC)10067819</subfield>
        </datafield>
        <datafield tag="040" ind1=" " ind2=" ">
            <subfield code="a">TCR</subfield>
            <subfield code="c">TCR</subfield>
        </datafield>
        <datafield tag="090" ind1=" " ind2=" ">
            <subfield code="a">PR1263</subfield>
            <subfield code="b">.T37 no. D43</subfield>
        </datafield>
        <datafield tag="090" ind1=" " ind2=" ">
            <subfield code="a">PR1245</subfield>
            <subfield code="b">.T77</subfield>
        </datafield>
        <datafield tag="099" ind1=" " ind2=" ">
            <subfield code="a">MIP</subfield>
            <subfield code="a">58</subfield>
        </datafield>
        <datafield tag="100" ind1="1" ind2=" ">
            <subfield code="a">Drue, Thomas,</subfield>
            <subfield code="d">approximately 1586-1627.</subfield>
        </datafield>
        <datafield tag="245" ind1="1" ind2="4">
            <subfield code="a">The life of the Dutches of Suffolke</subfield>
            <subfield code="h">microform</subfield>
        </datafield>
        <datafield tag="260" ind1=" " ind2=" ">
            <subfield code="a">[London] :</subfield>
            <subfield code="b">Imprinted by A.M. for Jasper Emery,</subfield>
            <subfield code="c">1631.</subfield>
        </datafield>
        <datafield tag="300" ind1=" " ind2=" ">
            <subfield code="a">[69] p.</subfield>
        </datafield>
        <datafield tag="500" ind1=" " ind2=" ">
            <subfield code="a">Caption and running title: The Dutches of Suffolke.</subfield>
            <subfield code="5">FTaFA</subfield>
            <subfield code="5">FTaSU</subfield>
        </datafield>
        <datafield tag="500" ind1=" " ind2=" ">
            <subfield code="a">Written by Thomas Drue; wrongly attributed to Thomas Heywood; cf.
                DNB.</subfield>
            <subfield code="5">FTaFA</subfield>
            <subfield code="5">FTaSU</subfield>
        </datafield>
        <datafield tag="500" ind1=" " ind2=" ">
            <subfield code="a">&quot;As it hath beene divers and sundry times acted with good
                applause.&quot;</subfield>
            <subfield code="5">FTaFA</subfield>
            <subfield code="5">FTaSU</subfield>
        </datafield>
        <datafield tag="500" ind1=" " ind2=" ">
            <subfield code="a">Place of publication from NUC pre-1956.</subfield>
            <subfield code="5">FTaFA</subfield>
            <subfield code="5">FTaSU</subfield>
        </datafield>
        <datafield tag="510" ind1="4" ind2=" ">
            <subfield code="a">Greg</subfield>
            <subfield code="c">451.</subfield>
        </datafield>
        <datafield tag="533" ind1=" " ind2=" ">
            <subfield code="a">Microopaque.</subfield>
            <subfield code="b">New York :</subfield>
            <subfield code="c">Readex Microprint,</subfield>
            <subfield code="d">1955.</subfield>
            <subfield code="e">1 microopaque ; 23 x 15 cm.</subfield>
            <subfield code="f">(Three centuries of drama. English, 1516-1641) (Three centuries of
                English and American plays, 1500-1830)</subfield>
            <subfield code="5">FTaFA</subfield>
            <subfield code="5">FTaSU</subfield>
        </datafield>
        <datafield tag="600" ind1="1" ind2="0">
            <subfield code="a">Suffolk, Katharine Willoughby Brandon,</subfield>
            <subfield code="c">Duchess of,</subfield>
            <subfield code="d">1519-1580</subfield>
            <subfield code="x">Drama.</subfield>
        </datafield>
        <datafield tag="700" ind1="1" ind2=" ">
            <subfield code="a">Heywood, Thomas,</subfield>
            <subfield code="d">approximately 1574-1641.</subfield>
        </datafield>
        <datafield tag="740" ind1="4" ind2=" ">
            <subfield code="a">The Dutches of Suffolke.</subfield>
        </datafield>
        <datafield tag="830" ind1=" " ind2="0">
            <subfield code="a">Three centuries of drama.</subfield>
            <subfield code="p">English, 1516-1641.</subfield>
        </datafield>
        <datafield tag="830" ind1=" " ind2="0">
            <subfield code="a">Three centuries of English and American plays, 1500-1830.</subfield>
        </datafield>
        <datafield tag="852" ind1="0" ind2=" ">
            <subfield code="a">FTaFA</subfield>
            <subfield code="b">AMCOL</subfield>
            <subfield code="c">COMC</subfield>
            <subfield code="h">PR1245</subfield>
            <subfield code="i">.T77</subfield>
        </datafield>
        <datafield tag="852" ind1="4" ind2=" ">
            <subfield code="a">FTaSU</subfield>
            <subfield code="b">FSRS1</subfield>
            <subfield code="c">MICR</subfield>
            <subfield code="h">MIP 58 1512-1641 Drue, Thomas</subfield>
        </datafield>
        <datafield tag="852" ind1="0" ind2=" ">
            <subfield code="a">FTaFA</subfield>
            <subfield code="b">AMCOL</subfield>
            <subfield code="c">COMC</subfield>
            <subfield code="h">PR1245</subfield>
            <subfield code="i">.T77</subfield>
        </datafield>
        <datafield tag="852" ind1="4" ind2=" ">
            <subfield code="a">FTaSU</subfield>
            <subfield code="b">FSRS1</subfield>
            <subfield code="c">MICR</subfield>
            <subfield code="h">MIP 58 1512-1641 Drue, Thomas</subfield>
        </datafield>
        <datafield tag="951" ind1=" " ind2=" ">
            <subfield code="1">01</subfield>
            <subfield code="a">AMU01:000222562;</subfield>
            <subfield code="5">FTaFA</subfield>
        </datafield>
        <datafield tag="951" ind1=" " ind2=" ">
            <subfield code="1">05</subfield>
            <subfield code="a">FSU01:000706101;</subfield>
            <subfield code="5">FTaSU</subfield>
        </datafield>
        <datafield tag="999" ind1=" " ind2=" ">
            <subfield code="a">AAY8686001</subfield>
        </datafield>
        <datafield tag="999" ind1=" " ind2=" ">
            <subfield code="a">ADB9621001</subfield>
        </datafield>
    </record>