-->
    <record>
        <leader>00954nam a2200253I 4500</leader>
        <controlfield tag="001">026457834</controlfield>
        <controlfield tag="004">FSABC0480001</controlfield>
        <controlfield tag="005">20120623031400.0</controlfield>
        <controlfield tag="008">751230q1938 fr cfj 000|0 fre d</controlfield>
        <datafield tag="035" ind1=" " ind2=" ">
            <subfield code="a">(OCoLC)01906775</subfield>
        </datafield>
        <datafield tag="040" ind1=" " ind2=" ">
            <subfield code="a">CIN</subfield>
            <subfield code="c">CIN</subfield>
            <subfield code="d">FDA</subfield>
        </datafield>
        <datafield tag="041" ind1="1" ind2=" ">
            <subfield code="a">freger</subfield>
        </datafield>
        <datafield tag="090" ind1=" " ind2=" ">
            <subfield code="a">DC216.35</subfield>
            <subfield code="b">.A514</subfield>
        </datafield>
        <datafield tag="100" ind1="0" ind2=" ">
            <subfield code="a">Adalbert,</subfield>
            <subfield code="c">Prince of Bavaria,</subfield>
            <subfield code="d">1886-</subfield>
        </datafield>
        <datafield tag="245" ind1="1" ind2="0">
            <subfield code="a">Eugène de Beauharnais, beau-fils de Napoléon;</subfield>
            <subfield code="b">portrait biographique.</subfield>
            <subfield code="c">Ouvrage traduit de l'allemand par Marguerite Vabre, adapté par A. de
                Gouyon.</subfield>
        </datafield>
        <datafield tag="260" ind1=" " ind2=" ">
            <subfield code="a">Paris,</subfield>
            <subfield code="b">Éditions Alastia</subfield>
            <subfield code="c">[1938?]</subfield>
        </datafield>
        <datafield tag="300" ind1=" " ind2=" ">
            <subfield code="a">332 p.</subfield>
            <subfield code="b">plates, ports., geneal. tables on folded l.</subfield>
            <subfield code="c">19 cm.</subfield>
        </datafield>
        <datafield tag="500" ind1=" " ind2=" ">
            <subfield code="a">At head of title: Prince Adalbert de Bavière.</subfield>
            <subfield code="5">FTaSU</subfield>
        </datafield>
        <datafield tag="504" ind1=" " ind2=" ">
            <subfield code="a">Includes bibliography.</subfield>
        </datafield>
        <datafield tag="600" ind1="1" ind2="0">
            <subfield code="a">Beauharnais, Eugène de,</subfield>
            <subfield code="d">1781-1824.</subfield>
        </datafield>
        <datafield tag="852" ind1="0" ind2=" ">
            <subfield code="a">FTaSU</subfield>
            <subfield code="b">FSULC</subfield>
            <subfield code="c">GEN</subfield>
            <subfield code="h">DC216.35</subfield>
            <subfield code="i">.A514</subfield>
        </datafield>
        <datafield tag="852" ind1="0" ind2=" ">
            <subfield code="a">FTaSU</subfield>
            <subfield code="b">FSULC</subfield>
            <subfield code="c">GEN</subfield>
            <subfield code="h">DC216.35</subfield>
            <subfield code="i">.A514</subfield>
        </datafield>
        <datafield tag="951" ind1=" " ind2=" ">
            <subfield code="1">05</subfield>
            <subfield code="a">FSU01:000253272;</subfield>
            <subfield code="5">FTaSU</subfield>
        </datafield>
        <datafield tag="999" ind1=" " ind2=" ">
            <subfield code="a">ABC0480001</subfield>
        </datafield>
    </record>