
    <record>
        <leader>00715nam a2200241I 4500</leader>
        <controlfield tag="001">026463464</controlfield>
        <controlfield tag="004">FSABC0722001</controlfield>
        <controlfield tag="005">20120623031500.0</controlfield>
        <controlfield tag="008">760102s1949 fr abc 000|0bfre d</controlfield>
        <datafield tag="010" ind1=" " ind2=" ">
            <subfield code="a"> 49023708 </subfield>
        </datafield>
        <datafield tag="035" ind1=" " ind2=" ">
            <subfield code="a">(OCoLC)01909996</subfield>
        </datafield>
        <datafield tag="040" ind1=" " ind2=" ">
            <subfield code="a">CIN</subfield>
            <subfield code="c">CIN</subfield>
            <subfield code="d">FDA</subfield>
        </datafield>
        <datafield tag="090" ind1=" " ind2=" ">
            <subfield code="a">DC198.C25</subfield>
            <subfield code="b">G3</subfield>
        </datafield>
        <datafield tag="100" ind1="1" ind2=" ">
            <subfield code="a">Garros, Louis.</subfield>
        </datafield>
        <datafield tag="245" ind1="0" ind2="3">
            <subfield code="a">Le général Cambronne.</subfield>
        </datafield>
        <datafield tag="260" ind1=" " ind2=" ">
            <subfield code="a">Paris,</subfield>
            <subfield code="b">Calman-Lévy</subfield>
            <subfield code="c">[1949]</subfield>
        </datafield>
        <datafield tag="300" ind1=" " ind2=" ">
            <subfield code="a">282 p.</subfield>
            <subfield code="b">illus., maps, ports.</subfield>
            <subfield code="c">20 cm.</subfield>
        </datafield>
        <datafield tag="490" ind1="0" ind2=" ">
            <subfield code="a">Nouvelle collection historique</subfield>
            <subfield code="5">FTaSU</subfield>
        </datafield>
        <datafield tag="600" ind1="1" ind2="0">
            <subfield code="a">Cambronne, Pierre,</subfield>
            <subfield code="d">1770-1842.</subfield>
        </datafield>
        <datafield tag="852" ind1="0" ind2=" ">
            <subfield code="a">FTaSU</subfield>
            <subfield code="b">FSUSP</subfield>
            <subfield code="c">NAP</subfield>
            <subfield code="h">DC198.C25</subfield>
            <subfield code="i">G3</subfield>
        </datafield>
        <datafield tag="852" ind1="0" ind2=" ">
            <subfield code="a">FTaSU</subfield>
            <subfield code="b">FSUSP</subfield>
            <subfield code="c">NAP</subfield>
            <subfield code="h">DC198.C25</subfield>
            <subfield code="i">G3</subfield>
        </datafield>
        <datafield tag="951" ind1=" " ind2=" ">
            <subfield code="1">05</subfield>
            <subfield code="a">FSU01:000253508;</subfield>
            <subfield code="5">FTaSU</subfield>
        </datafield>
        <datafield tag="999" ind1=" " ind2=" ">
            <subfield code="a">ABC0722001</subfield>
        </datafield>
    </record>