
    <record>
        <leader>01316nam a2200289I 4500</leader>
        <controlfield tag="001">026505163</controlfield>
        <controlfield tag="004">FSABC2445001</controlfield>
        <controlfield tag="005">20060317103654.0</controlfield>
        <controlfield tag="008">760120s1936 fr 000|0dfre c</controlfield>
        <datafield tag="010" ind1=" " ind2=" ">
            <subfield code="a">ac 36000902 </subfield>
        </datafield>
        <datafield tag="035" ind1=" " ind2=" ">
            <subfield code="a">(OCoLC)01935449</subfield>
        </datafield>
        <datafield tag="040" ind1=" " ind2=" ">
            <subfield code="a">Princeton Univ.</subfield>
            <subfield code="c">FDA</subfield>
        </datafield>
        <datafield tag="090" ind1=" " ind2=" ">
            <subfield code="a">DC216.1.A42</subfield>
            <subfield code="b">E84</subfield>
        </datafield>
        <datafield tag="100" ind1="1" ind2=" ">
            <subfield code="a">Josephine,</subfield>
            <subfield code="c">Empress, consort of Napoleon I, Emperor of the French,</subfield>
            <subfield code="d">1763-1814.</subfield>
        </datafield>
        <datafield tag="245" ind1="1" ind2="4">
            <subfield code="a">Les Beauharnais et le̓mpereur. :</subfield>
            <subfield code="b">Lettres de li̕mpératrice Jos éphine et de la reine Hortense au prince
                Eugène. /</subfield>
            <subfield code="c">Préface de Jean Hanoteau.</subfield>
        </datafield>
        <datafield tag="260" ind1=" " ind2=" ">
            <subfield code="a">Paris, :</subfield>
            <subfield code="b">Librairie Plon, les petits-fils de Plon et Nourrit,</subfield>
            <subfield code="c">[1936].</subfield>
        </datafield>
        <datafield tag="300" ind1=" " ind2=" ">
            <subfield code="a">3 p. l., ix, 284 p., 1 l. 19 cm.</subfield>
        </datafield>
        <datafield tag="490" ind1="0" ind2=" ">
            <subfield code="a">Les témoins de lé̓popée, 5</subfield>
            <subfield code="5">FTaSU</subfield>
        </datafield>
        <datafield tag="600" ind1="0" ind2="0">
            <subfield code="a">Napoleon</subfield>
            <subfield code="b">I,</subfield>
            <subfield code="c">Emperor of the French,</subfield>
            <subfield code="d">1769-1821.</subfield>
        </datafield>
        <datafield tag="600" ind1="1" ind2="0">
            <subfield code="a">Beauharnais, Eugène de,</subfield>
            <subfield code="d">1781-1824.</subfield>
        </datafield>
        <datafield tag="651" ind1=" " ind2="0">
            <subfield code="a">France</subfield>
            <subfield code="x">History</subfield>
            <subfield code="y">1789-1815</subfield>
            <subfield code="v">Sources.</subfield>
        </datafield>
        <datafield tag="700" ind1="0" ind2=" ">
            <subfield code="a">Hortense,</subfield>
            <subfield code="c">Queen, consort of Louis Bonaparte, King of Holland,</subfield>
            <subfield code="d">1783-1837.</subfield>
        </datafield>
        <datafield tag="700" ind1="1" ind2=" ">
            <subfield code="a">Hanoteau, Jean Adolphe,</subfield>
            <subfield code="d">1869-1939.</subfield>
        </datafield>
        <datafield tag="852" ind1="0" ind2=" ">
            <subfield code="a">FTaSU</subfield>
            <subfield code="b">FSUSP</subfield>
            <subfield code="c">NAP</subfield>
            <subfield code="h">DC216.1.A42</subfield>
            <subfield code="i">E84</subfield>
            <subfield code="x">Redesignated from subbasement 10/04/2006 vok</subfield>
        </datafield>
        <datafield tag="852" ind1="0" ind2=" ">
            <subfield code="a">FTaSU</subfield>
            <subfield code="b">FSUSP</subfield>
            <subfield code="c">NAP</subfield>
            <subfield code="h">DC216.1.A42</subfield>
            <subfield code="i">E84</subfield>
            <subfield code="x">Redesignated from subbasement 10/04/2006 vok</subfield>
        </datafield>
        <datafield tag="951" ind1=" " ind2=" ">
            <subfield code="1">05</subfield>
            <subfield code="a">FSU01:000255199;</subfield>
            <subfield code="5">FTaSU</subfield>
        </datafield>
        <datafield tag="999" ind1=" " ind2=" ">
            <subfield code="a">ABC2445001</subfield>
        </datafield>
    </record>