
    <record>
        <leader>01501nam a2200325I 4500</leader>
        <controlfield tag="001">026525340</controlfield>
        <controlfield tag="004">FSABC3321001</controlfield>
        <controlfield tag="005">20120623031800.0</controlfield>
        <controlfield tag="008">760126m18991900enkabch 000|0dengm </controlfield>
        <datafield tag="010" ind1=" " ind2=" ">
            <subfield code="a"> 04011925 </subfield>
        </datafield>
        <datafield tag="035" ind1=" " ind2=" ">
            <subfield code="a">(OCoLC)01946600</subfield>
        </datafield>
        <datafield tag="040" ind1=" " ind2=" ">
            <subfield code="a">DLC</subfield>
            <subfield code="c">SUC</subfield>
            <subfield code="d">SUC</subfield>
            <subfield code="d">FDA</subfield>
        </datafield>
        <datafield tag="050" ind1="0" ind2=" ">
            <subfield code="a">DC148</subfield>
            <subfield code="b">.F5 1899a</subfield>
        </datafield>
        <datafield tag="100" ind1="1" ind2=" ">
            <subfield code="a">Fitchett, W. H.</subfield>
            <subfield code="q">(William Henry),</subfield>
            <subfield code="d">1845-1928.</subfield>
        </datafield>
        <datafield tag="245" ind1="1" ind2="0">
            <subfield code="a">How England saved Europe:</subfield>
            <subfield code="b">the story of the great war (1793-1815)</subfield>
            <subfield code="c">by W. H. Fitchett ... With portraits, facsimiles, and plans
                ...</subfield>
        </datafield>
        <datafield tag="260" ind1=" " ind2=" ">
            <subfield code="a">London,</subfield>
            <subfield code="b">Smith, Elder, &amp; Co.,</subfield>
            <subfield code="c">1899-1900.</subfield>
        </datafield>
        <datafield tag="300" ind1=" " ind2=" ">
            <subfield code="a">4 v.</subfield>
            <subfield code="b">fronts., illus. (plans) pl., ports., map, fold. facsim.</subfield>
            <subfield code="c">15 cm.</subfield>
        </datafield>
        <datafield tag="505" ind1="0" ind2=" ">
            <subfield code="a">v. 1. From the Low Countries to Egypt.--v. 2. The struggle for the
                sea.--v. 3. The war in the peninsula.--v. 4. Waterloo and St. Helena.</subfield>
            <subfield code="5">FTaSU</subfield>
        </datafield>
        <datafield tag="600" ind1="0" ind2="0">
            <subfield code="a">Napoleon</subfield>
            <subfield code="b">I,</subfield>
            <subfield code="c">Emperor of the French,</subfield>
            <subfield code="d">1769-1821.</subfield>
        </datafield>
        <datafield tag="650" ind1=" " ind2="0">
            <subfield code="a">Peninsular War, 1807-1814.</subfield>
        </datafield>
        <datafield tag="651" ind1=" " ind2="0">
            <subfield code="a">Europe</subfield>
            <subfield code="x">History</subfield>
            <subfield code="y">1789-1815.</subfield>
        </datafield>
        <datafield tag="651" ind1=" " ind2="0">
            <subfield code="a">Great Britain</subfield>
            <subfield code="x">History, Military</subfield>
            <subfield code="y">1789-1820.</subfield>
        </datafield>
        <datafield tag="852" ind1="0" ind2=" ">
            <subfield code="a">FTaSU</subfield>
            <subfield code="b">FSUSP</subfield>
            <subfield code="c">NAP</subfield>
            <subfield code="h">DC148</subfield>
            <subfield code="i">.F5 1899a</subfield>
            <subfield code="x">vf</subfield>
        </datafield>
        <datafield tag="866" ind1="3" ind2="1">
            <subfield code="b">FSU STROZIER, Special Coll</subfield>
            <subfield code="c">Napoleon</subfield>
            <subfield code="h">DC148</subfield>
            <subfield code="i">.F5 1899a</subfield>
            <subfield code="a">v. 1</subfield>
        </datafield>
        <datafield tag="866" ind1="3" ind2="1">
            <subfield code="b">FSU STROZIER, Special Coll</subfield>
            <subfield code="c">Napoleon</subfield>
            <subfield code="h">DC148</subfield>
            <subfield code="i">.F5 1899a</subfield>
            <subfield code="a">v. 2</subfield>
        </datafield>
        <datafield tag="866" ind1="3" ind2="1">
            <subfield code="b">FSU STROZIER, Special Coll</subfield>
            <subfield code="c">Napoleon</subfield>
            <subfield code="h">DC148</subfield>
            <subfield code="i">.F5 1899a</subfield>
            <subfield code="a">v. 3</subfield>
        </datafield>
        <datafield tag="866" ind1="3" ind2="1">
            <subfield code="b">FSU STROZIER, Special Coll</subfield>
            <subfield code="c">Napoleon</subfield>
            <subfield code="h">DC148</subfield>
            <subfield code="i">.F5 1899a</subfield>
            <subfield code="a">v. 4</subfield>
        </datafield>
        <datafield tag="852" ind1="0" ind2=" ">
            <subfield code="a">FTaSU</subfield>
            <subfield code="b">FSUSP</subfield>
            <subfield code="c">NAP</subfield>
            <subfield code="h">DC148</subfield>
            <subfield code="i">.F5 1899a</subfield>
            <subfield code="x">vf</subfield>
        </datafield>
        <datafield tag="951" ind1=" " ind2=" ">
            <subfield code="1">05</subfield>
            <subfield code="a">FSU01:000256064;</subfield>
            <subfield code="5">FTaSU</subfield>
        </datafield>
        <datafield tag="999" ind1=" " ind2=" ">
            <subfield code="a">ABC3321001</subfield>
        </datafield>
    </record>