
    <record>
        <leader>01624cam a22004091 4500</leader>
        <controlfield tag="001">026530282</controlfield>
        <controlfield tag="004">FSABE6826001</controlfield>
        <controlfield tag="005">20080520163306.0</controlfield>
        <controlfield tag="008">760714s1954 fr a 000 0 fre </controlfield>
        <datafield tag="010" ind1=" " ind2=" ">
            <subfield code="a">54003796</subfield>
        </datafield>
        <datafield tag="035" ind1=" " ind2=" ">
            <subfield code="a">(OCoLC)02311887</subfield>
        </datafield>
        <datafield tag="035" ind1=" " ind2=" ">
            <subfield code="a">(OCoLC)02311887</subfield>
        </datafield>
        <datafield tag="040" ind1=" " ind2=" ">
            <subfield code="a">DLC</subfield>
            <subfield code="c">HDC</subfield>
            <subfield code="d">DLC</subfield>
            <subfield code="d">OCLCQ</subfield>
            <subfield code="d">OCLCG</subfield>
            <subfield code="d">FUG</subfield>
        </datafield>
        <datafield tag="043" ind1=" " ind2=" ">
            <subfield code="a">e-fr---</subfield>
        </datafield>
        <datafield tag="050" ind1="0" ind2="0">
            <subfield code="a">QA29.M53</subfield>
            <subfield code="b">A84</subfield>
        </datafield>
        <datafield tag="090" ind1=" " ind2=" ">
            <subfield code="a">DC198.M62</subfield>
            <subfield code="b">A84</subfield>
        </datafield>
        <datafield tag="090" ind1=" " ind2=" ">
            <subfield code="a">QA29.M747</subfield>
            <subfield code="b">Au2</subfield>
        </datafield>
        <datafield tag="100" ind1="1" ind2=" ">
            <subfield code="a">Aubry, Paul V.,</subfield>
            <subfield code="d">1899-</subfield>
        </datafield>
        <datafield tag="245" ind1="1" ind2="0">
            <subfield code="a">Monge,</subfield>
            <subfield code="b">le savant ami de Napoléon Bonaparte, 1746-1818.</subfield>
        </datafield>
        <datafield tag="260" ind1=" " ind2=" ">
            <subfield code="a">Paris,</subfield>
            <subfield code="b">Gautheir-Villars,</subfield>
            <subfield code="c">1954.</subfield>
        </datafield>
        <datafield tag="300" ind1=" " ind2=" ">
            <subfield code="a">364 p.</subfield>
            <subfield code="b">illus.</subfield>
            <subfield code="c">23 cm.</subfield>
        </datafield>
        <datafield tag="583" ind1="1" ind2=" ">
            <subfield code="5">flgafar</subfield>
            <subfield code="a">committed to retain</subfield>
            <subfield code="c">20140310</subfield>
            <subfield code="d">committed to retain permanently</subfield>
            <subfield code="f">FLARE</subfield>
            <subfield code="j">FSTO</subfield>
        </datafield>
        <datafield tag="583" ind1="1" ind2=" ">
            <subfield code="5">flgafar</subfield>
            <subfield code="a">condition reviewed</subfield>
            <subfield code="c">20140310</subfield>
            <subfield code="f">FLARE</subfield>
            <subfield code="j">FSTO</subfield>
        </datafield>
        <datafield tag="600" ind1="0" ind2="0">
            <subfield code="a">Napoleon</subfield>
            <subfield code="b">I,</subfield>
            <subfield code="c">Emperor of the French,</subfield>
            <subfield code="d">1769-1821</subfield>
            <subfield code="x">Relations with intellectuals.</subfield>
        </datafield>
        <datafield tag="600" ind1="0" ind2="0">
            <subfield code="a">Napoleon</subfield>
            <subfield code="b">I,</subfield>
            <subfield code="c">Emperor of the French,</subfield>
            <subfield code="d">1769-1821</subfield>
            <subfield code="x">Friends and associates.</subfield>
        </datafield>
        <datafield tag="600" ind1="1" ind2="0">
            <subfield code="a">Monge, Gaspard,</subfield>
            <subfield code="d">1746-1818.</subfield>
        </datafield>
        <datafield tag="651" ind1=" " ind2="0">
            <subfield code="a">France</subfield>
            <subfield code="x">Intellectual life</subfield>
            <subfield code="y">19th century.</subfield>
        </datafield>
        <datafield tag="651" ind1=" " ind2="0">
            <subfield code="a">France</subfield>
            <subfield code="x">Intellectual life</subfield>
            <subfield code="y">18th century.</subfield>
        </datafield>
        <datafield tag="852" ind1="0" ind2=" ">
            <subfield code="a">FTaSU</subfield>
            <subfield code="b">FSULC</subfield>
            <subfield code="c">SUB</subfield>
            <subfield code="h">DC198.M62</subfield>
            <subfield code="i">A84</subfield>
        </datafield>
        <datafield tag="852" ind1="1" ind2=" ">
            <subfield code="a">FlGaFAR</subfield>
            <subfield code="b">FLARE</subfield>
            <subfield code="c">TRAY</subfield>
            <subfield code="h">944.05</subfield>
            <subfield code="i">A896m</subfield>
            <subfield code="t">2</subfield>
        </datafield>
        <datafield tag="852" ind1="0" ind2=" ">
            <subfield code="a">FTaSU</subfield>
            <subfield code="b">FSULC</subfield>
            <subfield code="c">SUB</subfield>
            <subfield code="h">DC198.M62</subfield>
            <subfield code="i">A84</subfield>
        </datafield>
        <datafield tag="852" ind1=" " ind2=" ">
            <subfield code="a">FU</subfield>
            <subfield code="b">UFSTO</subfield>
            <subfield code="c">GEN</subfield>
            <subfield code="h">944.05</subfield>
            <subfield code="i">A896m</subfield>
            <subfield code="x">wd 11-03 ts per S.Arlen</subfield>
            <subfield code="z">See Circulation Desk, Library West for retrieval or
                access.</subfield>
        </datafield>
        <datafield tag="852" ind1="1" ind2=" ">
            <subfield code="a">FU</subfield>
            <subfield code="b">UFSTO</subfield>
            <subfield code="c">UFFLR</subfield>
            <subfield code="h">944.05</subfield>
            <subfield code="i">A896m</subfield>
            <subfield code="t">2</subfield>
        </datafield>
        <datafield tag="852" ind1="1" ind2=" ">
            <subfield code="a">FlGaFAR</subfield>
            <subfield code="b">FLARE</subfield>
            <subfield code="c">TRAY</subfield>
            <subfield code="h">944.05</subfield>
            <subfield code="i">A896m</subfield>
            <subfield code="t">2</subfield>
        </datafield>
        <datafield tag="951" ind1=" " ind2=" ">
            <subfield code="1">05</subfield>
            <subfield code="a">FSU01:000278897;</subfield>
            <subfield code="5">FTaSU</subfield>
        </datafield>
        <datafield tag="951" ind1=" " ind2=" ">
            <subfield code="1">08</subfield>
            <subfield code="a">UFU01:000709082;</subfield>
            <subfield code="5">FU</subfield>
        </datafield>
        <datafield tag="999" ind1=" " ind2=" ">
            <subfield code="a">ABE6826001</subfield>
        </datafield>
    </record>