
    <record>
        <leader>01091nam a2200301I 4500</leader>
        <controlfield tag="001">026536877</controlfield>
        <controlfield tag="004">FSABE9549001</controlfield>
        <controlfield tag="005">20120623035200.0</controlfield>
        <controlfield tag="008">760802s1950 wlkbcf b 000|0 eng d</controlfield>
        <datafield tag="035" ind1=" " ind2=" ">
            <subfield code="a">(OCoLC)02350548</subfield>
        </datafield>
        <datafield tag="040" ind1=" " ind2=" ">
            <subfield code="a">CIN</subfield>
            <subfield code="c">CIN</subfield>
            <subfield code="d">FHM</subfield>
        </datafield>
        <datafield tag="090" ind1=" " ind2=" ">
            <subfield code="a">DA520</subfield>
            <subfield code="b">.J6</subfield>
        </datafield>
        <datafield tag="090" ind1=" " ind2=" ">
            <subfield code="a">DC220.3</subfield>
            <subfield code="b">.J65</subfield>
        </datafield>
        <datafield tag="100" ind1="1" ind2=" ">
            <subfield code="a">Jones, Edwyn Henry Stuart.</subfield>
        </datafield>
        <datafield tag="245" ind1="1" ind2="4">
            <subfield code="a">The last invasion of Britain.</subfield>
        </datafield>
        <datafield tag="260" ind1=" " ind2=" ">
            <subfield code="a">Cardiff,</subfield>
            <subfield code="b">University of Wales Press,</subfield>
            <subfield code="c">1950.</subfield>
        </datafield>
        <datafield tag="300" ind1=" " ind2=" ">
            <subfield code="a">xiv, 324 p.</subfield>
            <subfield code="b">plates, ports., maps (part fold.)</subfield>
            <subfield code="c">23 cm.</subfield>
        </datafield>
        <datafield tag="504" ind1=" " ind2=" ">
            <subfield code="a">Bibliography: p. 295-301.</subfield>
        </datafield>
        <datafield tag="600" ind1="0" ind2="0">
            <subfield code="a">Napoleon</subfield>
            <subfield code="b">I,</subfield>
            <subfield code="c">Emperor of the French,</subfield>
            <subfield code="d">1769-1821</subfield>
            <subfield code="x">Proposed invasion of England, 1793-1805.</subfield>
        </datafield>
        <datafield tag="651" ind1=" " ind2="0">
            <subfield code="a">Wales</subfield>
            <subfield code="x">History</subfield>
        </datafield>
        <datafield tag="852" ind1="0" ind2=" ">
            <subfield code="a">FTaSU</subfield>
            <subfield code="b">FSUSP</subfield>
            <subfield code="c">NAP</subfield>
            <subfield code="h">DC220.3</subfield>
            <subfield code="i">.J65</subfield>
            <subfield code="x">Redesignated from subbasement 10/04/2006 vok</subfield>
        </datafield>
        <datafield tag="852" ind1="0" ind2=" ">
            <subfield code="a">FTS</subfield>
            <subfield code="b">SFTMP</subfield>
            <subfield code="c">GEN</subfield>
            <subfield code="h">DA520</subfield>
            <subfield code="i">.J6</subfield>
        </datafield>
        <datafield tag="852" ind1="0" ind2=" ">
            <subfield code="a">FTaSU</subfield>
            <subfield code="b">FSUSP</subfield>
            <subfield code="c">NAP</subfield>
            <subfield code="h">DC220.3</subfield>
            <subfield code="i">.J65</subfield>
            <subfield code="x">Redesignated from subbasement 10/04/2006 vok</subfield>
        </datafield>
        <datafield tag="852" ind1="0" ind2=" ">
            <subfield code="a">FTS</subfield>
            <subfield code="b">SFTMP</subfield>
            <subfield code="c">GEN</subfield>
            <subfield code="h">DA520</subfield>
            <subfield code="i">.J6</subfield>
        </datafield>
        <datafield tag="951" ind1=" " ind2=" ">
            <subfield code="1">05</subfield>
            <subfield code="a">FSU01:000281541;</subfield>
            <subfield code="5">FTaSU</subfield>
        </datafield>
        <datafield tag="951" ind1=" " ind2=" ">
            <subfield code="1">10</subfield>
            <subfield code="a">SFU01:000264053;</subfield>
            <subfield code="5">FTS</subfield>
        </datafield>
        <datafield tag="999" ind1=" " ind2=" ">
            <subfield code="a">ABE9549001</subfield>
        </datafield>
        <datafield tag="999" ind1=" " ind2=" ">
            <subfield code="a">ABF1684001</subfield>
        </datafield>
    </record>