
    <record>
        <leader>01335nam a2200313 p 4500</leader>
        <controlfield tag="001">026548829</controlfield>
        <controlfield tag="004">FSABC4380001</controlfield>
        <controlfield tag="005">20120623032000.0</controlfield>
        <controlfield tag="008">751125s1975 sz abf b 001|0bfre </controlfield>
        <datafield tag="010" ind1=" " ind2=" ">
            <subfield code="a"> 75518728 </subfield>
        </datafield>
        <datafield tag="015" ind1=" " ind2=" ">
            <subfield code="a">Sw75-A-5617</subfield>
        </datafield>
        <datafield tag="020" ind1=" " ind2=" ">
            <subfield code="a">2603000373 :</subfield>
            <subfield code="c">70.00F</subfield>
        </datafield>
        <datafield tag="035" ind1=" " ind2=" ">
            <subfield code="a">(OCoLC)01960291</subfield>
        </datafield>
        <datafield tag="040" ind1=" " ind2=" ">
            <subfield code="a">DLC</subfield>
            <subfield code="c">DLC</subfield>
            <subfield code="d">FDA</subfield>
        </datafield>
        <datafield tag="050" ind1="0" ind2=" ">
            <subfield code="a">DC198.D2</subfield>
            <subfield code="b">R44</subfield>
        </datafield>
        <datafield tag="082" ind1="0" ind2=" ">
            <subfield code="a">355.3/31/0924</subfield>
            <subfield code="a">B</subfield>
        </datafield>
        <datafield tag="100" ind1="1" ind2=" ">
            <subfield code="a">Reichel, Daniel</subfield>
        </datafield>
        <datafield tag="245" ind1="1" ind2="0">
            <subfield code="a">Davout et l'art de la guerre :</subfield>
            <subfield code="b">recherches sur la formation, l'action pendant la Révolution et les
                commandements du maréchal Davout, duc d'Auerstaedt, prince d'Eckmühl, 1770-1823
                /</subfield>
            <subfield code="c">Daniel Reichel ; préf. de M. André Corvisier.</subfield>
        </datafield>
        <datafield tag="260" ind1=" " ind2=" ">
            <subfield code="a">[Lausanne, case postale 188] :</subfield>
            <subfield code="b">Centre d'histoire et prospective militaires ;</subfield>
            <subfield code="a">Neuchâtel ;</subfield>
            <subfield code="a">Paris :</subfield>
            <subfield code="b">Delachaux et Niestlé,</subfield>
            <subfield code="c">c1975.</subfield>
        </datafield>
        <datafield tag="300" ind1=" " ind2=" ">
            <subfield code="a">438 p., [16] leaves of plates :</subfield>
            <subfield code="b">ill., 3 maps (in pocket) ;</subfield>
            <subfield code="c">24 cm.</subfield>
        </datafield>
        <datafield tag="490" ind1="0" ind2=" ">
            <subfield code="a">Série Recherches de sciences comparées</subfield>
            <subfield code="5">FTaSU</subfield>
        </datafield>
        <datafield tag="500" ind1=" " ind2=" ">
            <subfield code="a">Includes index.</subfield>
            <subfield code="5">FTaSU</subfield>
        </datafield>
        <datafield tag="504" ind1=" " ind2=" ">
            <subfield code="a">Bibliography: p. 414-422.</subfield>
        </datafield>
        <datafield tag="600" ind1="1" ind2="0">
            <subfield code="a">Davout, Louis Nicolas,</subfield>
            <subfield code="c">duc d'Auerstaedt et prince d'Eckmühl,</subfield>
            <subfield code="d">1770-1823.</subfield>
        </datafield>
        <datafield tag="650" ind1=" " ind2="0">
            <subfield code="a">Military art and science.</subfield>
        </datafield>
        <datafield tag="852" ind1="0" ind2=" ">
            <subfield code="a">FTaSU</subfield>
            <subfield code="b">FSULC</subfield>
            <subfield code="c">SUB</subfield>
            <subfield code="h">DC198.D2</subfield>
            <subfield code="i">R44</subfield>
        </datafield>
        <datafield tag="852" ind1="0" ind2=" ">
            <subfield code="a">FTaSU</subfield>
            <subfield code="b">FSULC</subfield>
            <subfield code="c">SUB</subfield>
            <subfield code="h">DC198.D2</subfield>
            <subfield code="i">R44</subfield>
        </datafield>
        <datafield tag="951" ind1=" " ind2=" ">
            <subfield code="1">05</subfield>
            <subfield code="a">FSU01:000257090;</subfield>
            <subfield code="5">FTaSU</subfield>
        </datafield>
        <datafield tag="999" ind1=" " ind2=" ">
            <subfield code="a">ABC4380001</subfield>
        </datafield>
    </record>