
<!--    <record>
        <leader>01084nam a2200277K 4500</leader>
        <controlfield tag="001">026623285</controlfield>
        <controlfield tag="004">FSAKH0923001</controlfield>
        <controlfield tag="005">20120623032400.0</controlfield>
        <controlfield tag="007">hg alu|||bncn</controlfield>
        <controlfield tag="008">911231s1921 fr a c 000|0 fre d</controlfield>
        <datafield tag="035" ind1=" " ind2=" ">
            <subfield code="a">(OCoLC)25032256</subfield>
        </datafield>
        <datafield tag="040" ind1=" " ind2=" ">
            <subfield code="a">CRL</subfield>
            <subfield code="c">CRL</subfield>
        </datafield>
        <datafield tag="100" ind1="1" ind2=" ">
            <subfield code="a">Lorde, André de,</subfield>
            <subfield code="d">1870-</subfield>
        </datafield>
        <datafield tag="245" ind1="1" ind2="0">
            <subfield code="a">Napoléonette</subfield>
            <subfield code="h">&lt;microform&gt; :</subfield>
            <subfield code="b">pièce en cinq actes et un prologue (d'après le roman de Gyp
                &lt;pseud.&gt;) /</subfield>
            <subfield code="c">&lt;par&gt; André de Lorde &amp; Jean Marsèle.</subfield>
        </datafield>
        <datafield tag="260" ind1=" " ind2=" ">
            <subfield code="a">&lt;Paris :</subfield>
            <subfield code="b">Impr. de l'Illustration&gt;,</subfield>
            <subfield code="c">c1921.</subfield>
        </datafield>
        <datafield tag="300" ind1=" " ind2=" ">
            <subfield code="a">32 p. :</subfield>
            <subfield code="b">ill. ;</subfield>
            <subfield code="c">31 cm.</subfield>
        </datafield>
        <datafield tag="440" ind1=" " ind2="0">
            <subfield code="a">Petite illustration.</subfield>
            <subfield code="p">Roman théâtre ;</subfield>
            <subfield code="v">no. 67</subfield>
            <subfield code="5">FTaSU</subfield>
        </datafield>
        <datafield tag="440" ind1=" " ind2="0">
            <subfield code="a">Théâtre &lt;nouv. sér.&gt; ;</subfield>
            <subfield code="v">no. 50</subfield>
            <subfield code="5">FTaSU</subfield>
        </datafield>
        <datafield tag="533" ind1=" " ind2=" ">
            <subfield code="a">Microopaque.</subfield>
            <subfield code="b">Louisville, Ky. :</subfield>
            <subfield code="c">Falls City Microcards,</subfield>
            <subfield code="d">1970.</subfield>
            <subfield code="e">1 microopaque (2 sides) ; 8 x 13 cm.</subfield>
            <subfield code="f">(French drama).</subfield>
            <subfield code="5">FTaSU</subfield>
        </datafield>
        <datafield tag="650" ind1=" " ind2="0">
            <subfield code="a">French drama</subfield>
            <subfield code="y">20th century.</subfield>
        </datafield>
        <datafield tag="700" ind1="1" ind2=" ">
            <subfield code="a">Marsele, Jean.</subfield>
        </datafield>
        <datafield tag="830" ind1=" " ind2="0">
            <subfield code="a">French drama.</subfield>
        </datafield>
        <datafield tag="852" ind1="4" ind2=" ">
            <subfield code="a">FTaSU</subfield>
            <subfield code="b">FSULC</subfield>
            <subfield code="c">MICR</subfield>
            <subfield code="h">Mic 842 Lorde</subfield>
        </datafield>
        <datafield tag="852" ind1="4" ind2=" ">
            <subfield code="a">FTaSU</subfield>
            <subfield code="b">FSULC</subfield>
            <subfield code="c">MICR</subfield>
            <subfield code="h">Mic 842 Lorde</subfield>
        </datafield>
        <datafield tag="951" ind1=" " ind2=" ">
            <subfield code="1">05</subfield>
            <subfield code="a">FSU01:001718056;</subfield>
            <subfield code="5">FTaSU</subfield>
        </datafield>
        <datafield tag="999" ind1=" " ind2=" ">
            <subfield code="a">AKH0923001</subfield>
        </datafield>
    </record>