
    <record>
        <leader>01193nam a2200301Ii 4500</leader>
        <controlfield tag="001">026682490</controlfield>
        <controlfield tag="004">FSABD0759001</controlfield>
        <controlfield tag="005">20120623032800.0</controlfield>
        <controlfield tag="008">760312s1908 enkabc b 000|0 eng d</controlfield>
        <datafield tag="019" ind1=" " ind2=" ">
            <subfield code="a">2046389</subfield>
        </datafield>
        <datafield tag="035" ind1=" " ind2=" ">
            <subfield code="a">(OCoLC)62762815</subfield>
        </datafield>
        <datafield tag="040" ind1=" " ind2=" ">
            <subfield code="a">GYG</subfield>
            <subfield code="c">GYG</subfield>
            <subfield code="d">FDA</subfield>
        </datafield>
        <datafield tag="090" ind1=" " ind2=" ">
            <subfield code="a">DC231</subfield>
            <subfield code="b">.L48</subfield>
        </datafield>
        <datafield tag="092" ind1=" " ind2=" ">
            <subfield code="a">940.27</subfield>
            <subfield code="b">L565</subfield>
        </datafield>
        <datafield tag="100" ind1="1" ind2=" ">
            <subfield code="a">Leslie, John H.</subfield>
            <subfield code="q">(John Henry),</subfield>
            <subfield code="d">1858-1943.</subfield>
        </datafield>
        <datafield tag="245" ind1="1" ind2="4">
            <subfield code="a">The services of the Royal Regiment of Artillery in the Peninsular
                War, 1808 to 1814 /</subfield>
            <subfield code="c">by Major John H. Leslie.</subfield>
        </datafield>
        <datafield tag="260" ind1=" " ind2=" ">
            <subfield code="a">London :</subfield>
            <subfield code="b">H. Rees,</subfield>
            <subfield code="c">1908-1912.</subfield>
        </datafield>
        <datafield tag="300" ind1=" " ind2=" ">
            <subfield code="a">3 pts. in 1 (100 p.), 5 leaves of plates :</subfield>
            <subfield code="b">ill., map (1 fold.), port. ;</subfield>
            <subfield code="c">23 cm.</subfield>
        </datafield>
        <datafield tag="500" ind1=" " ind2=" ">
            <subfield code="a">Chapter II contains &quot;The Coru�na campaign ... with which is
                incorporated The diary of Captain Richard Bogue.&quot;</subfield>
            <subfield code="5">FTaSU</subfield>
        </datafield>
        <datafield tag="504" ind1=" " ind2=" ">
            <subfield code="a">Bibliography: p. 4.</subfield>
        </datafield>
        <datafield tag="610" ind1="1" ind2="0">
            <subfield code="a">Great Britain.</subfield>
            <subfield code="b">Army.</subfield>
            <subfield code="b">Royal Regiment of Artillery.</subfield>
        </datafield>
        <datafield tag="650" ind1=" " ind2="0">
            <subfield code="a">Peninsular War, 1807-1814</subfield>
            <subfield code="x">Personal narratives.</subfield>
        </datafield>
        <datafield tag="650" ind1=" " ind2="0">
            <subfield code="a">La Coruña, Battle of, La Coruña, Spain, 1809.</subfield>
        </datafield>
        <datafield tag="700" ind1="1" ind2=" ">
            <subfield code="a">Bogue, Richard.</subfield>
        </datafield>
        <datafield tag="852" ind1="0" ind2=" ">
            <subfield code="a">FTaSU</subfield>
            <subfield code="b">FSUSP</subfield>
            <subfield code="c">NAP</subfield>
            <subfield code="h">DC231</subfield>
            <subfield code="i">.L48</subfield>
        </datafield>
        <datafield tag="852" ind1="0" ind2=" ">
            <subfield code="a">FTaSU</subfield>
            <subfield code="b">FSUSP</subfield>
            <subfield code="c">NAP</subfield>
            <subfield code="h">DC231</subfield>
            <subfield code="i">.L48</subfield>
        </datafield>
        <datafield tag="951" ind1=" " ind2=" ">
            <subfield code="1">05</subfield>
            <subfield code="a">FSU01:000263281;</subfield>
            <subfield code="5">FTaSU</subfield>
        </datafield>
        <datafield tag="999" ind1=" " ind2=" ">
            <subfield code="a">ABD0759001</subfield>
        </datafield>
    </record>