
    <record>
        <leader>01820nam a2200433I 4500</leader>
        <controlfield tag="001">026699576</controlfield>
        <controlfield tag="004">FSABD1549001</controlfield>
        <controlfield tag="005">20120623032900.0</controlfield>
        <controlfield tag="008">760319s1914 xx 000|0 fre </controlfield>
        <datafield tag="010" ind1=" " ind2=" ">
            <subfield code="a"> 01022487 </subfield>
        </datafield>
        <datafield tag="035" ind1=" " ind2=" ">
            <subfield code="a">(OCoLC)02058551</subfield>
        </datafield>
        <datafield tag="035" ind1=" " ind2=" ">
            <subfield code="a">(OCoLC)02058551</subfield>
        </datafield>
        <datafield tag="040" ind1=" " ind2=" ">
            <subfield code="a">DLC</subfield>
            <subfield code="c">DLM</subfield>
            <subfield code="d">FDA</subfield>
        </datafield>
        <datafield tag="050" ind1="0" ind2=" ">
            <subfield code="a">Z2184.P2</subfield>
            <subfield code="b">P23</subfield>
        </datafield>
        <datafield tag="090" ind1=" " ind2=" ">
            <subfield code="a">DC194.A2</subfield>
            <subfield code="b">T75</subfield>
        </datafield>
        <datafield tag="100" ind1="1" ind2=" ">
            <subfield code="a">Tuetey, Alexandre,</subfield>
            <subfield code="d">1842-1918.</subfield>
        </datafield>
        <datafield tag="245" ind1="1" ind2="0">
            <subfield code="a">Répertoire générale des sources manuscrites de l'histoire de Paris
                pendant la révolution française.</subfield>
        </datafield>
        <datafield tag="260" ind1=" " ind2=" ">
            <subfield code="a">Paris,</subfield>
            <subfield code="b">Imprimerie Nouvelle,</subfield>
            <subfield code="c">1890-1914.</subfield>
        </datafield>
        <datafield tag="300" ind1=" " ind2=" ">
            <subfield code="a">11 v.</subfield>
            <subfield code="c">30 cm.</subfield>
        </datafield>
        <datafield tag="490" ind1="0" ind2=" ">
            <subfield code="a">Ville de Paris. Publications relatives à la révolution
                française</subfield>
            <subfield code="5">FTaSU</subfield>
        </datafield>
        <datafield tag="583" ind1="1" ind2=" ">
            <subfield code="3">t.1-9, t.11</subfield>
            <subfield code="5">FlGaFAR</subfield>
            <subfield code="a">committed to retain</subfield>
            <subfield code="c">20180221</subfield>
            <subfield code="d">committed to retain permanently</subfield>
            <subfield code="f">FLARE</subfield>
            <subfield code="j">FSTO</subfield>
        </datafield>
        <datafield tag="583" ind1="1" ind2=" ">
            <subfield code="3">t.1-9, t.11</subfield>
            <subfield code="5">FlGaFAR</subfield>
            <subfield code="a">condition reviewed</subfield>
            <subfield code="c">20180221</subfield>
            <subfield code="f">FLARE</subfield>
            <subfield code="i">volume-level validation</subfield>
            <subfield code="j">FSTO</subfield>
            <subfield code="l">damaged volumes</subfield>
            <subfield code="z">damaged t.1-9. t.11</subfield>
        </datafield>
        <datafield tag="583" ind1="1" ind2=" ">
            <subfield code="3">t.1-9, t.11</subfield>
            <subfield code="5">FlGaFAR</subfield>
            <subfield code="a">completeness reviewed</subfield>
            <subfield code="c">20180221</subfield>
            <subfield code="f">FLARE</subfield>
            <subfield code="i">volume-level validation</subfield>
            <subfield code="j">FSTO</subfield>
            <subfield code="l">missing volumes</subfield>
            <subfield code="z">missing t.10</subfield>
        </datafield>
        <datafield tag="650" ind1=" " ind2="0">
            <subfield code="a">Archives</subfield>
            <subfield code="z">France</subfield>
            <subfield code="v">Catalogs.</subfield>
        </datafield>
        <datafield tag="650" ind1=" " ind2="0">
            <subfield code="a">Manuscripts, French</subfield>
            <subfield code="v">Catalogs.</subfield>
        </datafield>
        <datafield tag="650" ind1=" " ind2="0">
            <subfield code="a">Manuscripts</subfield>
            <subfield code="z">France</subfield>
            <subfield code="v">Catalogs.</subfield>
        </datafield>
        <datafield tag="651" ind1=" " ind2="0">
            <subfield code="a">Paris (France)</subfield>
            <subfield code="v">Bibliography.</subfield>
        </datafield>
        <datafield tag="651" ind1=" " ind2="0">
            <subfield code="a">France</subfield>
            <subfield code="x">History</subfield>
            <subfield code="y">Revolution, 1789-1799</subfield>
            <subfield code="v">Bibliography.</subfield>
        </datafield>
        <datafield tag="740" ind1="0" ind2=" ">
            <subfield code="a">Histoire de Paris pendant la révolution française.</subfield>
        </datafield>
        <datafield tag="852" ind1=" " ind2=" ">
            <subfield code="a">FlGaFAR</subfield>
            <subfield code="b">FLARE</subfield>
            <subfield code="c">TRAY</subfield>
        </datafield>
        <datafield tag="853" ind1="0" ind2="0">
            <subfield code="8">1</subfield>
            <subfield code="a">t.</subfield>
        </datafield>
        <datafield tag="863" ind1="3" ind2="0">
            <subfield code="8">1.10</subfield>
            <subfield code="a">1-9</subfield>
            <subfield code="w">g</subfield>
        </datafield>
        <datafield tag="863" ind1="3" ind2="0">
            <subfield code="8">1.20</subfield>
            <subfield code="a">11</subfield>
        </datafield>
        <datafield tag="852" ind1="0" ind2=" ">
            <subfield code="a">FTaSU</subfield>
            <subfield code="b">FSUSP</subfield>
            <subfield code="c">NAPO</subfield>
            <subfield code="h">DC194.A2</subfield>
            <subfield code="i">T75</subfield>
            <subfield code="x">vk</subfield>
        </datafield>
        <datafield tag="866" ind1="3" ind2="1">
            <subfield code="b">FSU STROZIER, Special Coll</subfield>
            <subfield code="c">Napoleon (oversize)</subfield>
            <subfield code="h">DC194.A2</subfield>
            <subfield code="i">T75</subfield>
            <subfield code="a">t. 1-11</subfield>
        </datafield>
        <datafield tag="852" ind1=" " ind2=" ">
            <subfield code="a">FlGaFAR</subfield>
            <subfield code="b">FLARE</subfield>
            <subfield code="c">TRAY</subfield>
        </datafield>
        <datafield tag="852" ind1="0" ind2=" ">
            <subfield code="a">FTaSU</subfield>
            <subfield code="b">FSUSP</subfield>
            <subfield code="c">NAPO</subfield>
            <subfield code="h">DC194.A2</subfield>
            <subfield code="i">T75</subfield>
            <subfield code="x">vk</subfield>
        </datafield>
        <datafield tag="951" ind1=" " ind2=" ">
            <subfield code="1">05</subfield>
            <subfield code="a">FSU01:000264040;</subfield>
            <subfield code="5">FTaSU</subfield>
        </datafield>
        <datafield tag="999" ind1=" " ind2=" ">
            <subfield code="a">ABD1549001</subfield>
        </datafield>
    </record>