
    <record>
        <leader>00749nam a2200217I 4500</leader>
        <controlfield tag="001">026717052</controlfield>
        <controlfield tag="004">FSABD2301001</controlfield>
        <controlfield tag="005">20120623033000.0</controlfield>
        <controlfield tag="008">760327s1899 en b 000|0aengm </controlfield>
        <datafield tag="010" ind1=" " ind2=" ">
            <subfield code="a"> 01011202 </subfield>
        </datafield>
        <datafield tag="035" ind1=" " ind2=" ">
            <subfield code="a">(OCoLC)02072046</subfield>
        </datafield>
        <datafield tag="040" ind1=" " ind2=" ">
            <subfield code="a">DLC</subfield>
            <subfield code="c">TLM</subfield>
            <subfield code="d">FDA</subfield>
        </datafield>
        <datafield tag="090" ind1=" " ind2=" ">
            <subfield code="a">DC232</subfield>
            <subfield code="b">.B63</subfield>
        </datafield>
        <datafield tag="100" ind1="1" ind2=" ">
            <subfield code="a">Blakeney, Robert,</subfield>
            <subfield code="d">1789-1858.</subfield>
        </datafield>
        <datafield tag="245" ind1="1" ind2="2">
            <subfield code="a">A boy in the Peninsular war;</subfield>
            <subfield code="b">the services, adventures and experiences of Robert Blakeney,
                subaltern in the 28th regiment;</subfield>
            <subfield code="c">an autobiography, ed. by Julian Sturgis.</subfield>
        </datafield>
        <datafield tag="260" ind1=" " ind2=" ">
            <subfield code="a">London,</subfield>
            <subfield code="b">Murray,</subfield>
            <subfield code="c">1899.</subfield>
        </datafield>
        <datafield tag="300" ind1=" " ind2=" ">
            <subfield code="a">xviii, 382 p.</subfield>
            <subfield code="b">map</subfield>
            <subfield code="c">23 cm.</subfield>
        </datafield>
        <datafield tag="852" ind1="0" ind2=" ">
            <subfield code="a">FTaSU</subfield>
            <subfield code="b">FSUSP</subfield>
            <subfield code="c">NAP</subfield>
            <subfield code="h">DC232</subfield>
            <subfield code="i">.B63</subfield>
        </datafield>
        <datafield tag="852" ind1="0" ind2=" ">
            <subfield code="a">FTaSU</subfield>
            <subfield code="b">FSUSP</subfield>
            <subfield code="c">NAP</subfield>
            <subfield code="h">DC232</subfield>
            <subfield code="i">.B63</subfield>
        </datafield>
        <datafield tag="951" ind1=" " ind2=" ">
            <subfield code="1">05</subfield>
            <subfield code="a">FSU01:000264776;</subfield>
            <subfield code="5">FTaSU</subfield>
        </datafield>
        <datafield tag="999" ind1=" " ind2=" ">
            <subfield code="a">ABD2301001</subfield>
        </datafield>
    </record>