
    <record>
        <leader>00986nam a2200289I 4500</leader>
        <controlfield tag="001">026945291</controlfield>
        <controlfield tag="004">FSADD8206001</controlfield>
        <controlfield tag="005">20120623034400.0</controlfield>
        <controlfield tag="008">780930s1956 enkc 001|0aeng </controlfield>
        <datafield tag="010" ind1=" " ind2=" ">
            <subfield code="a"> 66007999 </subfield>
        </datafield>
        <datafield tag="035" ind1=" " ind2=" ">
            <subfield code="a">(OCoLC)04255396</subfield>
        </datafield>
        <datafield tag="040" ind1=" " ind2=" ">
            <subfield code="a">DLC</subfield>
            <subfield code="c">CLU</subfield>
        </datafield>
        <datafield tag="041" ind1="1" ind2=" ">
            <subfield code="a">engfre</subfield>
        </datafield>
        <datafield tag="043" ind1=" " ind2=" ">
            <subfield code="a">e-fr---</subfield>
        </datafield>
        <datafield tag="090" ind1=" " ind2=" ">
            <subfield code="a">DC146.B7</subfield>
            <subfield code="b">A313 1956</subfield>
        </datafield>
        <datafield tag="092" ind1=" " ind2=" ">
            <subfield code="a">944.06</subfield>
            <subfield code="b">B678A</subfield>
        </datafield>
        <datafield tag="100" ind1="1" ind2=" ">
            <subfield code="a">Boigne, Louise-Eléonore-Charlotte-Adelaide d'Osmond,</subfield>
            <subfield code="c">comtesse de,</subfield>
            <subfield code="d">1781-1866.</subfield>
        </datafield>
        <datafield tag="245" ind1="1" ind2="0">
            <subfield code="a">Memoirs of the Comtesse de Boigne.</subfield>
            <subfield code="c">Translated from the French and abridged by Sylvia de
                Morsier-Kotthaus.</subfield>
        </datafield>
        <datafield tag="260" ind1=" " ind2=" ">
            <subfield code="a">London,</subfield>
            <subfield code="b">Museum Press</subfield>
            <subfield code="c">[1956]</subfield>
        </datafield>
        <datafield tag="300" ind1=" " ind2=" ">
            <subfield code="a">255 p.</subfield>
            <subfield code="b">ports.</subfield>
            <subfield code="c">23 cm.</subfield>
        </datafield>
        <datafield tag="651" ind1=" " ind2="0">
            <subfield code="a">France</subfield>
            <subfield code="x">History</subfield>
            <subfield code="y">1789-1900.</subfield>
        </datafield>
        <datafield tag="651" ind1=" " ind2="0">
            <subfield code="a">France</subfield>
            <subfield code="x">Court and courtiers.</subfield>
        </datafield>
        <datafield tag="700" ind1="1" ind2=" ">
            <subfield code="a">Morsier-Kotthaus, Sylvia de,</subfield>
            <subfield code="e">ed. and tr.</subfield>
        </datafield>
        <datafield tag="852" ind1="0" ind2=" ">
            <subfield code="a">FTaSU</subfield>
            <subfield code="b">FSULC</subfield>
            <subfield code="c">GEN</subfield>
            <subfield code="h">DC146.B7</subfield>
            <subfield code="i">A313 1956</subfield>
        </datafield>
        <datafield tag="852" ind1="0" ind2=" ">
            <subfield code="a">FTaSU</subfield>
            <subfield code="b">FSULC</subfield>
            <subfield code="c">GEN</subfield>
            <subfield code="h">DC146.B7</subfield>
            <subfield code="i">A313 1956</subfield>
        </datafield>
        <datafield tag="951" ind1=" " ind2=" ">
            <subfield code="1">05</subfield>
            <subfield code="a">FSU01:000723741;</subfield>
            <subfield code="5">FTaSU</subfield>
        </datafield>
        <datafield tag="999" ind1=" " ind2=" ">
            <subfield code="a">ADD8206001</subfield>
        </datafield>
    </record>