
    <record>
        <leader>02616cam a2200505I 4500</leader>
        <controlfield tag="001">026951120</controlfield>
        <controlfield tag="004">FSABR3247001</controlfield>
        <controlfield tag="005">20120623061500.0</controlfield>
        <controlfield tag="008">781212m18171822fr befh 001|0dfred </controlfield>
        <datafield tag="010" ind1=" " ind2=" ">
            <subfield code="a"> 04025788 </subfield>
        </datafield>
        <datafield tag="035" ind1=" " ind2=" ">
            <subfield code="a">(OCoLC)04445686</subfield>
        </datafield>
        <datafield tag="035" ind1=" " ind2=" ">
            <subfield code="a">(OCoLC)04445686</subfield>
        </datafield>
        <datafield tag="040" ind1=" " ind2=" ">
            <subfield code="a">DLC</subfield>
            <subfield code="c">TYC</subfield>
            <subfield code="d">TYC</subfield>
            <subfield code="d">m.c.</subfield>
            <subfield code="d">SER</subfield>
            <subfield code="d">FUG</subfield>
        </datafield>
        <datafield tag="050" ind1="0" ind2=" ">
            <subfield code="a">DC151</subfield>
            <subfield code="b">.B38</subfield>
        </datafield>
        <datafield tag="099" ind1=" " ind2=" ">
            <subfield code="a">944</subfield>
            <subfield code="a">V642</subfield>
        </datafield>
        <datafield tag="100" ind1="1" ind2=" ">
            <subfield code="a">Beauvais de Préau, Charles Théodore,</subfield>
            <subfield code="d">1772-1830,</subfield>
            <subfield code="e">comp.</subfield>
        </datafield>
        <datafield tag="245" ind1="1" ind2="0">
            <subfield code="a">Victoires, conquêtes, désastres, revers et guerres civiles des
                Français,</subfield>
            <subfield code="b">de 1792 à 1815,</subfield>
            <subfield code="c">par une société de militaires et de gens de lettres ...</subfield>
        </datafield>
        <datafield tag="260" ind1=" " ind2=" ">
            <subfield code="a">Paris,</subfield>
            <subfield code="b">C.L.F. Panckoucke,</subfield>
            <subfield code="c">1817-22.</subfield>
        </datafield>
        <datafield tag="300" ind1=" " ind2=" ">
            <subfield code="a">27 v.</subfield>
            <subfield code="b">plates, maps (part fold.) plans (part fold.) facsims.</subfield>
            <subfield code="c">21 cm.</subfield>
        </datafield>
        <datafield tag="500" ind1=" " ind2=" ">
            <subfield code="a">Edited and partially written by C.T. Beauvais de Préau. cf. Quérard,
                Les supercheries littéraires dévoilées, t. IV, p. 372, and British Museum
                Catalogue.</subfield>
            <subfield code="5">FU</subfield>
            <subfield code="5">FTaSU</subfield>
        </datafield>
        <datafield tag="505" ind1="0" ind2=" ">
            <subfield code="a">t. 1-24. [Texte] 1817-21.--t. 25. Appendices et errata. Biographie
                militaire française: Tables du temple de la gloire, A-G. 1821.--t. 26. Biographie
                militaire française: Tables du temple de la gloire, H-Z. Table géographique.
                Appendices aux Tables du temple de la gloire. 1822.--t. 27. Couronne poétique.
                Facsimile des écritures. 1821.</subfield>
            <subfield code="5">FU</subfield>
            <subfield code="5">FTaSU</subfield>
        </datafield>
        <datafield tag="583" ind1="1" ind2=" ">
            <subfield code="5">flgafar</subfield>
            <subfield code="a">committed to retain</subfield>
            <subfield code="c">20140425</subfield>
            <subfield code="d">committed to retain permanently</subfield>
            <subfield code="f">FLARE</subfield>
            <subfield code="j">FSTO</subfield>
        </datafield>
        <datafield tag="583" ind1="1" ind2=" ">
            <subfield code="5">flgafar</subfield>
            <subfield code="a">condition reviewed</subfield>
            <subfield code="c">20140425</subfield>
            <subfield code="f">FLARE</subfield>
            <subfield code="j">FSTO</subfield>
        </datafield>
        <datafield tag="650" ind1=" " ind2="0">
            <subfield code="a">Painting</subfield>
            <subfield code="x">Reproduction.</subfield>
        </datafield>
        <datafield tag="650" ind1=" " ind2="0">
            <subfield code="a">Monuments</subfield>
            <subfield code="z">France.</subfield>
        </datafield>
        <datafield tag="650" ind1=" " ind2="0">
            <subfield code="a">Autographs</subfield>
            <subfield code="z">France</subfield>
            <subfield code="v">Facsimiles.</subfield>
        </datafield>
        <datafield tag="650" ind1=" " ind2="0">
            <subfield code="a">Generals</subfield>
            <subfield code="z">France.</subfield>
        </datafield>
        <datafield tag="651" ind1=" " ind2="0">
            <subfield code="a">France</subfield>
            <subfield code="x">History</subfield>
            <subfield code="y">To 987.</subfield>
        </datafield>
        <datafield tag="651" ind1=" " ind2="0">
            <subfield code="a">France</subfield>
            <subfield code="v">Biography.</subfield>
        </datafield>
        <datafield tag="651" ind1=" " ind2="0">
            <subfield code="a">France</subfield>
            <subfield code="x">History, Military.</subfield>
        </datafield>
        <datafield tag="651" ind1=" " ind2="0">
            <subfield code="a">France</subfield>
            <subfield code="x">History</subfield>
            <subfield code="y">1789-1815.</subfield>
        </datafield>
        <datafield tag="700" ind1="1" ind2=" ">
            <subfield code="a">Voïart, Jacques Philippe,</subfield>
            <subfield code="d">fl. 1820,</subfield>
            <subfield code="e">ed.</subfield>
        </datafield>
        <datafield tag="700" ind1="1" ind2=" ">
            <subfield code="a">Tardieu, Ambroise,</subfield>
            <subfield code="d">1788-1841,</subfield>
            <subfield code="e">illus.</subfield>
        </datafield>
        <datafield tag="710" ind1="2" ind2=" ">
            <subfield code="a">Société de militaires et de gens de lettres.</subfield>
        </datafield>
        <datafield tag="740" ind1="0" ind2=" ">
            <subfield code="a">Victoires, conquêtes, revers et guerres civiles des
                français.</subfield>
        </datafield>
        <datafield tag="852" ind1="0" ind2=" ">
            <subfield code="a">FTaSU</subfield>
            <subfield code="b">FSUSP</subfield>
            <subfield code="c">NAPR</subfield>
            <subfield code="h">DC151</subfield>
            <subfield code="i">.B38</subfield>
            <subfield code="z">Temporarily shelved in reading room.</subfield>
        </datafield>
        <datafield tag="866" ind1="3" ind2="1">
            <subfield code="b">FSU STROZIER, Special Coll</subfield>
            <subfield code="c">Napoleon Reference</subfield>
            <subfield code="h">DC151</subfield>
            <subfield code="i">.B38</subfield>
            <subfield code="z">Temporarily shelved in reading room.</subfield>
            <subfield code="a">t. 1-27</subfield>
        </datafield>
        <datafield tag="852" ind1="1" ind2=" ">
            <subfield code="a">FlGaFAR</subfield>
            <subfield code="b">FLARE</subfield>
            <subfield code="c">TRAY</subfield>
            <subfield code="h">944</subfield>
            <subfield code="i">V642</subfield>
        </datafield>
        <datafield tag="866" ind1="3" ind2="1">
            <subfield code="b">FLARE</subfield>
            <subfield code="h">944</subfield>
            <subfield code="i">V642</subfield>
            <subfield code="a">v. 1-5</subfield>
        </datafield>
        <datafield tag="852" ind1="0" ind2=" ">
            <subfield code="a">FTaSU</subfield>
            <subfield code="b">FSUSP</subfield>
            <subfield code="c">NAPR</subfield>
            <subfield code="h">DC151</subfield>
            <subfield code="i">.B38</subfield>
            <subfield code="z">Temporarily shelved in reading room.</subfield>
        </datafield>
        <datafield tag="852" ind1="1" ind2=" ">
            <subfield code="a">FU</subfield>
            <subfield code="b">UFSTO</subfield>
            <subfield code="c">UFFLR</subfield>
            <subfield code="h">944</subfield>
            <subfield code="i">V642</subfield>
        </datafield>
        <datafield tag="852" ind1="1" ind2=" ">
            <subfield code="a">FlGaFAR</subfield>
            <subfield code="b">FLARE</subfield>
            <subfield code="c">TRAY</subfield>
            <subfield code="h">944</subfield>
            <subfield code="i">V642</subfield>
        </datafield>
        <datafield tag="951" ind1=" " ind2=" ">
            <subfield code="1">05</subfield>
            <subfield code="a">FSU01:000381931;</subfield>
            <subfield code="5">FTaSU</subfield>
        </datafield>
        <datafield tag="951" ind1=" " ind2=" ">
            <subfield code="1">08</subfield>
            <subfield code="a">UFU01:001712202;</subfield>
            <subfield code="5">FU</subfield>
        </datafield>
        <datafield tag="999" ind1=" " ind2=" ">
            <subfield code="a">ABR3247001</subfield>
        </datafield>
    </record>