
    <record>
        <leader>01307cam a2200349Ii 4500</leader>
        <controlfield tag="001">026989445</controlfield>
        <controlfield tag="004">FSABR1615001</controlfield>
        <controlfield tag="005">20120623061300.0</controlfield>
        <controlfield tag="008">781121s1893 enkc 001|0afre d</controlfield>
        <datafield tag="035" ind1=" " ind2=" ">
            <subfield code="a">(OCoLC)04391172</subfield>
        </datafield>
        <datafield tag="040" ind1=" " ind2=" ">
            <subfield code="a">FDA</subfield>
            <subfield code="c">FDA</subfield>
            <subfield code="d">OCL</subfield>
            <subfield code="d">m/c</subfield>
            <subfield code="d">FUG</subfield>
        </datafield>
        <datafield tag="041" ind1="1" ind2=" ">
            <subfield code="a">engfre</subfield>
        </datafield>
        <datafield tag="045" ind1=" " ind2=" ">
            <subfield code="a">v8w1</subfield>
        </datafield>
        <datafield tag="090" ind1=" " ind2=" ">
            <subfield code="a">DC198.M3</subfield>
            <subfield code="b">A313 1893</subfield>
        </datafield>
        <datafield tag="099" ind1=" " ind2=" ">
            <subfield code="a">B</subfield>
            <subfield code="a">M312m1</subfield>
            <subfield code="a">1893</subfield>
        </datafield>
        <datafield tag="100" ind1="1" ind2=" ">
            <subfield code="a">Marbot, Jean-Baptiste-Antoine-Marcelin,</subfield>
            <subfield code="c">baron de,</subfield>
            <subfield code="d">1782-1854.</subfield>
        </datafield>
        <datafield tag="245" ind1="1" ind2="4">
            <subfield code="a">The memoirs of Baron de Marbot :</subfield>
            <subfield code="b">late lieutenant - general in the French army /</subfield>
            <subfield code="c">tr. from the French by Arthur John Butler.</subfield>
        </datafield>
        <datafield tag="250" ind1=" " ind2=" ">
            <subfield code="a">4th ed. ; slightly abridged.</subfield>
        </datafield>
        <datafield tag="260" ind1=" " ind2=" ">
            <subfield code="a">London ;</subfield>
            <subfield code="a">New York :</subfield>
            <subfield code="b">Longmans, Green,</subfield>
            <subfield code="c">1893.</subfield>
        </datafield>
        <datafield tag="300" ind1=" " ind2=" ">
            <subfield code="a">viii, 696 p. :</subfield>
            <subfield code="b">port. ;</subfield>
            <subfield code="c">20 cm.</subfield>
        </datafield>
        <datafield tag="600" ind1="1" ind2="0">
            <subfield code="a">Marbot, Jean-Baptiste-Antoine-Marcelin,</subfield>
            <subfield code="c">baron de,</subfield>
            <subfield code="d">1782-1854.</subfield>
        </datafield>
        <datafield tag="651" ind1=" " ind2="0">
            <subfield code="a">France</subfield>
            <subfield code="x">History</subfield>
            <subfield code="y">1789-1815.</subfield>
        </datafield>
        <datafield tag="651" ind1=" " ind2="0">
            <subfield code="a">Europe</subfield>
            <subfield code="x">History</subfield>
            <subfield code="y">1789-1815.</subfield>
        </datafield>
        <datafield tag="700" ind1="1" ind2=" ">
            <subfield code="a">Butler, Arthur John,</subfield>
            <subfield code="d">1844-1910.</subfield>
        </datafield>
        <datafield tag="852" ind1="0" ind2=" ">
            <subfield code="a">FTaSU</subfield>
            <subfield code="b">FSUSP</subfield>
            <subfield code="c">NAP</subfield>
            <subfield code="h">DC198.M3</subfield>
            <subfield code="i">A313 1893</subfield>
        </datafield>
        <datafield tag="852" ind1="0" ind2=" ">
            <subfield code="a">FU</subfield>
            <subfield code="b">UFSWE</subfield>
            <subfield code="c">GEN</subfield>
            <subfield code="h">DC198.M3</subfield>
            <subfield code="i">A313 1893</subfield>
            <subfield code="x">acc 176091</subfield>
        </datafield>
        <datafield tag="852" ind1="0" ind2=" ">
            <subfield code="a">FTaSU</subfield>
            <subfield code="b">FSUSP</subfield>
            <subfield code="c">NAP</subfield>
            <subfield code="h">DC198.M3</subfield>
            <subfield code="i">A313 1893</subfield>
        </datafield>
        <datafield tag="852" ind1="0" ind2=" ">
            <subfield code="a">FU</subfield>
            <subfield code="b">UFSWE</subfield>
            <subfield code="c">GEN</subfield>
            <subfield code="h">DC198.M3</subfield>
            <subfield code="i">A313 1893</subfield>
            <subfield code="x">acc 176091</subfield>
        </datafield>
        <datafield tag="951" ind1=" " ind2=" ">
            <subfield code="1">05</subfield>
            <subfield code="a">FSU01:000380351;</subfield>
            <subfield code="5">FTaSU</subfield>
        </datafield>
        <datafield tag="951" ind1=" " ind2=" ">
            <subfield code="1">08</subfield>
            <subfield code="a">UFU01:001713646;</subfield>
            <subfield code="5">FU</subfield>
        </datafield>
        <datafield tag="999" ind1=" " ind2=" ">
            <subfield code="a">ABR1615001</subfield>
        </datafield>
        <datafield tag="999" ind1=" " ind2=" ">
            <subfield code="a">AJC6008001</subfield>
        </datafield>
    </record>