
<!--    <record>
        <leader>00918nam a2200241K 4500</leader>
        <controlfield tag="001">027078424</controlfield>
        <controlfield tag="004">FSAGY6288001</controlfield>
        <controlfield tag="005">20120213081147.0</controlfield>
        <controlfield tag="008">911118r19671826flu a 000|0 eng d</controlfield>
        <datafield tag="035" ind1=" " ind2=" ">
            <subfield code="a">(OCoLC)24803248</subfield>
        </datafield>
        <datafield tag="040" ind1=" " ind2=" ">
            <subfield code="a">FDA</subfield>
            <subfield code="c">FDA</subfield>
        </datafield>
        <datafield tag="099" ind1=" " ind2=" ">
            <subfield code="a">Film</subfield>
            <subfield code="a">1398</subfield>
        </datafield>
        <datafield tag="100" ind1="1" ind2=" ">
            <subfield code="a">Mämpel, Johan Christian,</subfield>
            <subfield code="d">d. 1862.</subfield>
        </datafield>
        <datafield tag="245" ind1="1" ind2="4">
            <subfield code="a">The adventures of a young rifleman in the French and English armies,
                during the war in Spain and Portugal, from 1806 to 1816</subfield>
            <subfield code="h">microform /</subfield>
            <subfield code="c">written by himself.</subfield>
        </datafield>
        <datafield tag="260" ind1=" " ind2=" ">
            <subfield code="c">1826.</subfield>
        </datafield>
        <datafield tag="300" ind1=" " ind2=" ">
            <subfield code="a">414 p.</subfield>
        </datafield>
        <datafield tag="500" ind1=" " ind2=" ">
            <subfield code="a">Translated from vols. 1-2 of Der junge Feldjäger.</subfield>
            <subfield code="5">FTaSU</subfield>
        </datafield>
        <datafield tag="533" ind1=" " ind2=" ">
            <subfield code="a">Microfilm.</subfield>
            <subfield code="b">Tallahassee, Fla. :</subfield>
            <subfield code="c">Florida State University,</subfield>
            <subfield code="d">1967.</subfield>
            <subfield code="e">1 microfilm reel : negative ; 35 mm.</subfield>
            <subfield code="5">FTaSU</subfield>
        </datafield>
        <datafield tag="650" ind1=" " ind2="0">
            <subfield code="a">Peninsular War, 1807-1814.</subfield>
        </datafield>
        <datafield tag="852" ind1="4" ind2=" ">
            <subfield code="a">FTaSU</subfield>
            <subfield code="b">FSULC</subfield>
            <subfield code="c">MICR</subfield>
            <subfield code="h">Film 1398</subfield>
        </datafield>
        <datafield tag="852" ind1="4" ind2=" ">
            <subfield code="a">FTaSU</subfield>
            <subfield code="b">FSULC</subfield>
            <subfield code="c">MICR</subfield>
            <subfield code="h">Film 1398</subfield>
        </datafield>
        <datafield tag="951" ind1=" " ind2=" ">
            <subfield code="1">05</subfield>
            <subfield code="a">FSU01:001235925;</subfield>
            <subfield code="5">FTaSU</subfield>
        </datafield>
        <datafield tag="999" ind1=" " ind2=" ">
            <subfield code="a">AGY6288001</subfield>
        </datafield>
    </record>