-->
    <record>
        <leader>00769nam a2200229K 4500</leader>
        <controlfield tag="001">027078475</controlfield>
        <controlfield tag="004">FSAGY6290001</controlfield>
        <controlfield tag="005">20120623035200.0</controlfield>
        <controlfield tag="008">911118r19681846flu a 000|0 eng d</controlfield>
        <datafield tag="035" ind1=" " ind2=" ">
            <subfield code="a">(OCoLC)24803369</subfield>
        </datafield>
        <datafield tag="040" ind1=" " ind2=" ">
            <subfield code="a">FDA</subfield>
            <subfield code="c">FDA</subfield>
        </datafield>
        <datafield tag="099" ind1=" " ind2=" ">
            <subfield code="a">Film</subfield>
            <subfield code="a">1396</subfield>
        </datafield>
        <datafield tag="100" ind1="1" ind2=" ">
            <subfield code="a">Henegan, Richard D.,</subfield>
            <subfield code="c">Sir,</subfield>
            <subfield code="d">fl. 1845.</subfield>
        </datafield>
        <datafield tag="245" ind1="1" ind2="0">
            <subfield code="a">Seven years' campaigning in the Peninsula and the Netherlands from
                1808 to 1815.</subfield>
        </datafield>
        <datafield tag="260" ind1=" " ind2=" ">
            <subfield code="c">1846.</subfield>
        </datafield>
        <datafield tag="300" ind1=" " ind2=" ">
            <subfield code="a">2 v.</subfield>
        </datafield>
        <datafield tag="533" ind1=" " ind2=" ">
            <subfield code="a">Microfilm.</subfield>
            <subfield code="b">Tallahassee, Florida :</subfield>
            <subfield code="c">Florida State University,</subfield>
            <subfield code="d">1968.</subfield>
            <subfield code="e">1 microfilm reel : negative ; 35 mm.</subfield>
            <subfield code="5">FTaSU</subfield>
        </datafield>
        <datafield tag="650" ind1=" " ind2="0">
            <subfield code="a">Peninsular War, 1807-1814.</subfield>
        </datafield>
        <datafield tag="852" ind1="4" ind2=" ">
            <subfield code="a">FTaSU</subfield>
            <subfield code="b">FSULC</subfield>
            <subfield code="c">MICR</subfield>
            <subfield code="h">Film 1396</subfield>
        </datafield>
        <datafield tag="852" ind1="4" ind2=" ">
            <subfield code="a">FTaSU</subfield>
            <subfield code="b">FSULC</subfield>
            <subfield code="c">MICR</subfield>
            <subfield code="h">Film 1396</subfield>
        </datafield>
        <datafield tag="951" ind1=" " ind2=" ">
            <subfield code="1">05</subfield>
            <subfield code="a">FSU01:001235927;</subfield>
            <subfield code="5">FTaSU</subfield>
        </datafield>
        <datafield tag="999" ind1=" " ind2=" ">
            <subfield code="a">AGY6290001</subfield>
        </datafield>
    </record>