
    <record>
        <leader>00976nam a2200313K 4500</leader>
        <controlfield tag="001">027094675</controlfield>
        <controlfield tag="004">FSADE4677001</controlfield>
        <controlfield tag="005">20120623035300.0</controlfield>
        <controlfield tag="008">860813s1974 xx 000|0 eng d</controlfield>
        <datafield tag="035" ind1=" " ind2=" ">
            <subfield code="a">(OCoLC)14083760</subfield>
        </datafield>
        <datafield tag="040" ind1=" " ind2=" ">
            <subfield code="a">FDA</subfield>
            <subfield code="c">FDA</subfield>
        </datafield>
        <datafield tag="090" ind1=" " ind2=" ">
            <subfield code="a">DC137.3</subfield>
            <subfield code="b">.C65</subfield>
        </datafield>
        <datafield tag="100" ind1="1" ind2=" ">
            <subfield code="a">Conner, Susan P.</subfield>
            <subfield code="q">(Susan Punzel),</subfield>
            <subfield code="d">1947-</subfield>
        </datafield>
        <datafield tag="245" ind1="1" ind2="4">
            <subfield code="a">The enigma of Louis XVII [i.e., dix-sept].</subfield>
        </datafield>
        <datafield tag="260" ind1=" " ind2=" ">
            <subfield code="c">1974</subfield>
        </datafield>
        <datafield tag="300" ind1=" " ind2=" ">
            <subfield code="a">vi, 126 leaves</subfield>
        </datafield>
        <datafield tag="500" ind1=" " ind2=" ">
            <subfield code="a">Typescript</subfield>
            <subfield code="5">FTaSU</subfield>
        </datafield>
        <datafield tag="502" ind1=" " ind2=" ">
            <subfield code="a">Thesis (M.A.)--Florida State University.</subfield>
        </datafield>
        <datafield tag="504" ind1=" " ind2=" ">
            <subfield code="a">Bibliography : leaves 118-125.</subfield>
        </datafield>
        <datafield tag="500" ind1=" " ind2=" ">
            <subfield code="a">Vita</subfield>
            <subfield code="5">FTaSU</subfield>
        </datafield>
        <datafield tag="600" ind1="0" ind2="0">
            <subfield code="a">Louis</subfield>
            <subfield code="b">XVII,</subfield>
            <subfield code="c">of France,</subfield>
            <subfield code="d">1785-1795.</subfield>
        </datafield>
        <datafield tag="690" ind1=" " ind2="0">
            <subfield code="a">FSU Dissertations</subfield>
            <subfield code="x">History.</subfield>
            <subfield code="5">FTaSU</subfield>
        </datafield>
        <datafield tag="852" ind1="0" ind2=" ">
            <subfield code="a">FTaSU</subfield>
            <subfield code="b">FSUSP</subfield>
            <subfield code="c">ARCH</subfield>
            <subfield code="h">DC137.3</subfield>
            <subfield code="i">.C65</subfield>
        </datafield>
        <datafield tag="852" ind1="0" ind2=" ">
            <subfield code="a">FTaSU</subfield>
            <subfield code="b">FSULC</subfield>
            <subfield code="c">GEN</subfield>
            <subfield code="h">DC137.3</subfield>
            <subfield code="i">.C65</subfield>
        </datafield>
        <datafield tag="852" ind1="0" ind2=" ">
            <subfield code="a">FTaSU</subfield>
            <subfield code="b">FSUSP</subfield>
            <subfield code="c">ARCH</subfield>
            <subfield code="h">DC137.3</subfield>
            <subfield code="i">.C65</subfield>
        </datafield>
        <datafield tag="852" ind1="0" ind2=" ">
            <subfield code="a">FTaSU</subfield>
            <subfield code="b">FSULC</subfield>
            <subfield code="c">GEN</subfield>
            <subfield code="h">DC137.3</subfield>
            <subfield code="i">.C65</subfield>
        </datafield>
        <datafield tag="951" ind1=" " ind2=" ">
            <subfield code="1">05</subfield>
            <subfield code="a">FSU01:000729960;</subfield>
            <subfield code="5">FTaSU</subfield>
        </datafield>
        <datafield tag="999" ind1=" " ind2=" ">
            <subfield code="a">ADE4677001</subfield>
        </datafield>
        <datafield tag="999" ind1=" " ind2=" ">
            <subfield code="a">ADE4677002</subfield>
        </datafield>
    </record>