
    <record>
        <leader>00993nam a2200253I 4500</leader>
        <controlfield tag="001">027179960</controlfield>
        <controlfield tag="004">FSABF4558001</controlfield>
        <controlfield tag="005">20120623035800.0</controlfield>
        <controlfield tag="008">760917s1812 enkb 000|0deng </controlfield>
        <datafield tag="010" ind1=" " ind2=" ">
            <subfield code="a"> 01001697 </subfield>
        </datafield>
        <datafield tag="035" ind1=" " ind2=" ">
            <subfield code="a">(OCoLC)02437802</subfield>
        </datafield>
        <datafield tag="040" ind1=" " ind2=" ">
            <subfield code="a">DLC</subfield>
            <subfield code="c">MIA</subfield>
            <subfield code="d">FDA</subfield>
        </datafield>
        <datafield tag="050" ind1="0" ind2=" ">
            <subfield code="a">DC232</subfield>
            <subfield code="b">.S88</subfield>
        </datafield>
        <datafield tag="100" ind1="1" ind2=" ">
            <subfield code="a">Stothert, William.</subfield>
        </datafield>
        <datafield tag="245" ind1="1" ind2="2">
            <subfield code="a">A narrative of the principal events of the campaigns of 1809, 1810,
                &amp; 1811, in Spain and Portugal;</subfield>
            <subfield code="b">interspersed with remarks on local scenery and manners.</subfield>
            <subfield code="c">In a series of letters. By Captain William Stothert.</subfield>
        </datafield>
        <datafield tag="260" ind1=" " ind2=" ">
            <subfield code="a">London,</subfield>
            <subfield code="b">Printed for P. Martin [etc.] by W. Smith and co.,</subfield>
            <subfield code="c">1812.</subfield>
        </datafield>
        <datafield tag="300" ind1=" " ind2=" ">
            <subfield code="a">2 p. l., [iii]-xii, 276 p.</subfield>
            <subfield code="b">front. (fold. map)</subfield>
            <subfield code="c">22 cm.</subfield>
        </datafield>
        <datafield tag="650" ind1=" " ind2="0">
            <subfield code="a">Peninsular War, 1807-1814.</subfield>
        </datafield>
        <datafield tag="651" ind1=" " ind2="0">
            <subfield code="a">Spain</subfield>
            <subfield code="x">Description and travel.</subfield>
        </datafield>
        <datafield tag="651" ind1=" " ind2="0">
            <subfield code="a">Portugal</subfield>
            <subfield code="x">Description and travel.</subfield>
        </datafield>
        <datafield tag="852" ind1="0" ind2=" ">
            <subfield code="a">FTaSU</subfield>
            <subfield code="b">FSUSP</subfield>
            <subfield code="c">NAP</subfield>
            <subfield code="h">DC232</subfield>
            <subfield code="i">.S88</subfield>
        </datafield>
        <datafield tag="852" ind1="0" ind2=" ">
            <subfield code="a">FTaSU</subfield>
            <subfield code="b">FSUSP</subfield>
            <subfield code="c">NAP</subfield>
            <subfield code="h">DC232</subfield>
            <subfield code="i">.S88</subfield>
        </datafield>
        <datafield tag="951" ind1=" " ind2=" ">
            <subfield code="1">05</subfield>
            <subfield code="a">FSU01:000286386;</subfield>
            <subfield code="5">FTaSU</subfield>
        </datafield>
        <datafield tag="999" ind1=" " ind2=" ">
            <subfield code="a">ABF4558001</subfield>
        </datafield>
    </record>