
    <record>
        <leader>00939cam a2200241I 4500</leader>
        <controlfield tag="001">027227276</controlfield>
        <controlfield tag="004">FSABF6709001</controlfield>
        <controlfield tag="005">20120623040100.0</controlfield>
        <controlfield tag="008">761005s1833 fr h 000|0 frem </controlfield>
        <datafield tag="010" ind1=" " ind2=" ">
            <subfield code="a"> 18011390 </subfield>
        </datafield>
        <datafield tag="035" ind1=" " ind2=" ">
            <subfield code="a">(OCoLC)02481305</subfield>
        </datafield>
        <datafield tag="040" ind1=" " ind2=" ">
            <subfield code="a">DLC</subfield>
            <subfield code="c">UVC</subfield>
            <subfield code="d">UVC</subfield>
            <subfield code="d">FDA</subfield>
        </datafield>
        <datafield tag="050" ind1="0" ind2=" ">
            <subfield code="a">DC213</subfield>
            <subfield code="b">.F5</subfield>
        </datafield>
        <datafield tag="100" ind1="0" ind2=" ">
            <subfield code="a">Napoleon</subfield>
            <subfield code="b">I,</subfield>
            <subfield code="c">Emperor of the French,</subfield>
            <subfield code="d">1769-1821.</subfield>
        </datafield>
        <datafield tag="245" ind1="1" ind2="0">
            <subfield code="a">Lettres de Napoléon à Joséphine pendent la première campagne d'
                Italie, le consulat et le̓mpire;</subfield>
            <subfield code="b">et lettres de Joséphine à Napoléon et à sa fille.</subfield>
        </datafield>
        <datafield tag="260" ind1=" " ind2=" ">
            <subfield code="a">Paris,</subfield>
            <subfield code="b">Firmin Didot,</subfield>
            <subfield code="c">1833.</subfield>
        </datafield>
        <datafield tag="300" ind1=" " ind2=" ">
            <subfield code="a">2 v.</subfield>
            <subfield code="b">illus.</subfield>
            <subfield code="c">22 cm.</subfield>
        </datafield>
        <datafield tag="700" ind1="1" ind2=" ">
            <subfield code="a">Josephine,</subfield>
            <subfield code="c">Empress, consort of Napoleon I, Emperor of the French,</subfield>
            <subfield code="d">1763-1814.</subfield>
        </datafield>
        <datafield tag="852" ind1="0" ind2=" ">
            <subfield code="a">FTaSU</subfield>
            <subfield code="b">FSUSP</subfield>
            <subfield code="c">NAP</subfield>
            <subfield code="h">DC213</subfield>
            <subfield code="i">.F5</subfield>
            <subfield code="x">vk</subfield>
        </datafield>
        <datafield tag="866" ind1="3" ind2="1">
            <subfield code="b">FSU STROZIER, Special Coll</subfield>
            <subfield code="c">Napoleon</subfield>
            <subfield code="h">DC213</subfield>
            <subfield code="i">.F5</subfield>
            <subfield code="8">0</subfield>
            <subfield code="a">t.1-2</subfield>
        </datafield>
        <datafield tag="852" ind1="0" ind2=" ">
            <subfield code="a">FTaSU</subfield>
            <subfield code="b">FSUSP</subfield>
            <subfield code="c">NAP</subfield>
            <subfield code="h">DC213</subfield>
            <subfield code="i">.F5</subfield>
            <subfield code="x">vk</subfield>
        </datafield>
        <datafield tag="951" ind1=" " ind2=" ">
            <subfield code="1">05</subfield>
            <subfield code="a">FSU01:000288466;</subfield>
            <subfield code="5">FTaSU</subfield>
        </datafield>
        <datafield tag="999" ind1=" " ind2=" ">
            <subfield code="a">ABF6709001</subfield>
        </datafield>
    </record>