
    <record>
        <leader>01257cam a2200313I 4500</leader>
        <controlfield tag="001">027365006</controlfield>
        <controlfield tag="004">FSABG2664001</controlfield>
        <controlfield tag="005">20120623040900.0</controlfield>
        <controlfield tag="008">761201s1908 xx 000|0 eng </controlfield>
        <datafield tag="010" ind1=" " ind2=" ">
            <subfield code="a"> 09013598 </subfield>
        </datafield>
        <datafield tag="019" ind1=" " ind2=" ">
            <subfield code="a">2589400</subfield>
        </datafield>
        <datafield tag="035" ind1=" " ind2=" ">
            <subfield code="a">(OCoLC)00420050</subfield>
        </datafield>
        <datafield tag="040" ind1=" " ind2=" ">
            <subfield code="a">DLC</subfield>
            <subfield code="c">OHI</subfield>
            <subfield code="d">FDA</subfield>
        </datafield>
        <datafield tag="041" ind1="1" ind2=" ">
            <subfield code="a">engfre</subfield>
        </datafield>
        <datafield tag="050" ind1="0" ind2=" ">
            <subfield code="a">DC216</subfield>
            <subfield code="b">.T954</subfield>
        </datafield>
        <datafield tag="092" ind1=" " ind2=" ">
            <subfield code="a">923.2</subfield>
            <subfield code="b">T86</subfield>
        </datafield>
        <datafield tag="100" ind1="1" ind2=" ">
            <subfield code="a">Turquan, Joseph,</subfield>
            <subfield code="d">1854-1928.</subfield>
        </datafield>
        <datafield tag="245" ind1="1" ind2="4">
            <subfield code="a">The sisters of Napoleon,</subfield>
            <subfield code="b">Elisa, Pauline, and Caroline Bonaparte after the testimony of their
                contemporaries,</subfield>
            <subfield code="c">by Joseph Turquan. Tr. and ed. by W. R. H. Trowbridge.</subfield>
        </datafield>
        <datafield tag="260" ind1=" " ind2=" ">
            <subfield code="a">London [etc.]</subfield>
            <subfield code="b">T.F. Unwin,</subfield>
            <subfield code="c">1908.</subfield>
        </datafield>
        <datafield tag="300" ind1=" " ind2=" ">
            <subfield code="a">2 p. l., vii-xvi, 320 p.</subfield>
            <subfield code="b">front., plates, ports.</subfield>
            <subfield code="c">23 cm.</subfield>
        </datafield>
        <datafield tag="500" ind1=" " ind2=" ">
            <subfield code="a">Translation of Turquan's &quot;Les soeurs de Napoléon.&quot; Paris,
                La librairie illustrée, 1896.</subfield>
            <subfield code="5">FTaSU</subfield>
        </datafield>
        <datafield tag="600" ind1="0" ind2="0">
            <subfield code="a">Elisa,</subfield>
            <subfield code="c">grand duchess of Tuscany,</subfield>
            <subfield code="d">1777-1820.</subfield>
        </datafield>
        <datafield tag="600" ind1="1" ind2="0">
            <subfield code="a">Bonaparte, Paolina,</subfield>
            <subfield code="d">1780-1825</subfield>
        </datafield>
        <datafield tag="600" ind1="1" ind2="0">
            <subfield code="a">Caroline Bonaparte,</subfield>
            <subfield code="c">consort of Joachim Murat, King of Naples,</subfield>
            <subfield code="d">1782-1839.</subfield>
        </datafield>
        <datafield tag="700" ind1="1" ind2=" ">
            <subfield code="a">Trowbridge, W. R. H.</subfield>
            <subfield code="q">(William Rutherford Hayes),</subfield>
            <subfield code="d">1866-1938.</subfield>
        </datafield>
        <datafield tag="852" ind1="0" ind2=" ">
            <subfield code="a">FTaSU</subfield>
            <subfield code="b">FSUSP</subfield>
            <subfield code="c">NAP</subfield>
            <subfield code="h">DC216</subfield>
            <subfield code="i">.T954</subfield>
        </datafield>
        <datafield tag="852" ind1="0" ind2=" ">
            <subfield code="a">FTaSU</subfield>
            <subfield code="b">FSUSP</subfield>
            <subfield code="c">NAP</subfield>
            <subfield code="h">DC216</subfield>
            <subfield code="i">.T954</subfield>
        </datafield>
        <datafield tag="951" ind1=" " ind2=" ">
            <subfield code="1">05</subfield>
            <subfield code="a">FSU01:000294273;</subfield>
            <subfield code="5">FTaSU</subfield>
        </datafield>
        <datafield tag="999" ind1=" " ind2=" ">
            <subfield code="a">ABG2664001</subfield>
        </datafield>
    </record>