
    <record>
        <leader>01583nam a2200361Ii 4500</leader>
        <controlfield tag="001">027400782</controlfield>
        <controlfield tag="004">FSABH3572001</controlfield>
        <controlfield tag="005">20120623042300.0</controlfield>
        <controlfield tag="008">770307m18631873fr b 000|0bfre d</controlfield>
        <datafield tag="035" ind1=" " ind2=" ">
            <subfield code="a">(OCoLC)02783431</subfield>
        </datafield>
        <datafield tag="040" ind1=" " ind2=" ">
            <subfield code="a">EEM</subfield>
            <subfield code="c">EEM</subfield>
            <subfield code="d">m.c.</subfield>
            <subfield code="d">FUG</subfield>
        </datafield>
        <datafield tag="090" ind1=" " ind2=" ">
            <subfield code="a">DC146.C6</subfield>
            <subfield code="b">C6</subfield>
        </datafield>
        <datafield tag="090" ind1=" " ind2=" ">
            <subfield code="a">DC146.C6</subfield>
            <subfield code="b">C6 1863</subfield>
        </datafield>
        <datafield tag="099" ind1=" " ind2=" ">
            <subfield code="a">944.04</subfield>
            <subfield code="a">C684t</subfield>
        </datafield>
        <datafield tag="100" ind1="1" ind2=" ">
            <subfield code="a">Colbert-Chabanais, Auguste Napoléon Joseph,</subfield>
            <subfield code="c">marquis de,</subfield>
            <subfield code="d">1804-1883.</subfield>
        </datafield>
        <datafield tag="245" ind1="1" ind2="0">
            <subfield code="a">Traditions et souvenirs :</subfield>
            <subfield code="b">ou, Mémoires touchant le temps et la vie du Général Auguste Colbert
                (1793-1809) /</subfield>
            <subfield code="c">par N.-J. Colbert.</subfield>
        </datafield>
        <datafield tag="260" ind1=" " ind2=" ">
            <subfield code="a">Paris :</subfield>
            <subfield code="b">Firmin Didot frères,</subfield>
            <subfield code="c">1863-73.</subfield>
        </datafield>
        <datafield tag="300" ind1=" " ind2=" ">
            <subfield code="a">5 v. :</subfield>
            <subfield code="b">maps ;</subfield>
            <subfield code="c">25 cm.</subfield>
        </datafield>
        <datafield tag="500" ind1=" " ind2=" ">
            <subfield code="a">&quot;Notes et piéces justificatives&quot; at end of v.1,
                3-5.</subfield>
            <subfield code="5">FU</subfield>
        </datafield>
        <datafield tag="600" ind1="1" ind2="0">
            <subfield code="a">Colbert, Auguste François Marie,</subfield>
            <subfield code="c">baron de,</subfield>
            <subfield code="d">1777-1809</subfield>
        </datafield>
        <datafield tag="651" ind1=" " ind2="0">
            <subfield code="a">France</subfield>
            <subfield code="x">History</subfield>
            <subfield code="y">Revolution, 1789-1799.</subfield>
        </datafield>
        <datafield tag="651" ind1=" " ind2="0">
            <subfield code="a">France</subfield>
            <subfield code="x">History</subfield>
            <subfield code="y">Consulate and First Empire, 1799-1815.</subfield>
        </datafield>
        <datafield tag="740" ind1="0" ind2=" ">
            <subfield code="a">Mémoires touchant le temps et la vie du général Auguste
                Colbert</subfield>
        </datafield>
        <datafield tag="852" ind1="0" ind2=" ">
            <subfield code="a">FTaSU</subfield>
            <subfield code="b">FSUSP</subfield>
            <subfield code="c">NAP</subfield>
            <subfield code="h">DC146.C6</subfield>
            <subfield code="i">C6 1863</subfield>
            <subfield code="x">Redesignated from subbasement 09/28/2006 vok</subfield>
        </datafield>
        <datafield tag="866" ind1="3" ind2="1">
            <subfield code="b">FSU STROZIER, Special Coll</subfield>
            <subfield code="c">Napoleon</subfield>
            <subfield code="h">DC146.C6</subfield>
            <subfield code="i">C6 1863</subfield>
            <subfield code="a">t. 1-5</subfield>
        </datafield>
        <datafield tag="852" ind1="1" ind2=" ">
            <subfield code="a">FU</subfield>
            <subfield code="b">UFSTO</subfield>
            <subfield code="c">GEN</subfield>
            <subfield code="h">944.04</subfield>
            <subfield code="i">C684t</subfield>
        </datafield>
        <datafield tag="866" ind1="3" ind2="1">
            <subfield code="b">UF Request Retrieval -</subfield>
            <subfield code="c">STORAGE</subfield>
            <subfield code="h">944.04</subfield>
            <subfield code="i">C684t</subfield>
            <subfield code="a">v. 1-5</subfield>
        </datafield>
        <datafield tag="852" ind1="0" ind2=" ">
            <subfield code="a">FTaSU</subfield>
            <subfield code="b">FSUSP</subfield>
            <subfield code="c">NAP</subfield>
            <subfield code="h">DC146.C6</subfield>
            <subfield code="i">C6 1863</subfield>
            <subfield code="x">Redesignated from subbasement 09/28/2006 vok</subfield>
        </datafield>
        <datafield tag="852" ind1="1" ind2=" ">
            <subfield code="a">FU</subfield>
            <subfield code="b">UFSTO</subfield>
            <subfield code="c">GEN</subfield>
            <subfield code="h">944.04</subfield>
            <subfield code="i">C684t</subfield>
        </datafield>
        <datafield tag="951" ind1=" " ind2=" ">
            <subfield code="1">05</subfield>
            <subfield code="a">FSU01:000304845;</subfield>
            <subfield code="5">FTaSU</subfield>
        </datafield>
        <datafield tag="951" ind1=" " ind2=" ">
            <subfield code="1">08</subfield>
            <subfield code="a">UFU01:001730628;</subfield>
            <subfield code="5">FU</subfield>
        </datafield>
        <datafield tag="999" ind1=" " ind2=" ">
            <subfield code="a">ABH3572001</subfield>
        </datafield>
        <datafield tag="999" ind1=" " ind2=" ">
            <subfield code="a">AJE3241001</subfield>
        </datafield>
    </record>