
    <record>
        <leader>00887nam a2200241K 4500</leader>
        <controlfield tag="001">027482978</controlfield>
        <controlfield tag="004">FSADG3519001</controlfield>
        <controlfield tag="005">20120623041700.0</controlfield>
        <controlfield tag="008">860916s1928 be 000|0 fre d</controlfield>
        <datafield tag="035" ind1=" " ind2=" ">
            <subfield code="a">(OCoLC)14221158</subfield>
        </datafield>
        <datafield tag="040" ind1=" " ind2=" ">
            <subfield code="a">FDA</subfield>
            <subfield code="c">FDA</subfield>
        </datafield>
        <datafield tag="090" ind1=" " ind2=" ">
            <subfield code="a">DC145</subfield>
            <subfield code="b">.A83</subfield>
        </datafield>
        <datafield tag="100" ind1="1" ind2=" ">
            <subfield code="a">Audiat, Paul Louis Gabriel,</subfield>
            <subfield code="d">1863-1920.</subfield>
        </datafield>
        <datafield tag="245" ind1="1" ind2="0">
            <subfield code="a">Jeunes et vieilles filles de la Révolution;</subfield>
            <subfield code="b">scènes d'histoire</subfield>
            <subfield code="c">[par] Gabriel Aubray.</subfield>
        </datafield>
        <datafield tag="260" ind1=" " ind2=" ">
            <subfield code="a">Bruges,</subfield>
            <subfield code="b">Desclée De Brouwer,</subfield>
            <subfield code="c">1928.</subfield>
        </datafield>
        <datafield tag="300" ind1=" " ind2=" ">
            <subfield code="a">212 p.</subfield>
            <subfield code="b">illus.</subfield>
        </datafield>
        <datafield tag="500" ind1=" " ind2=" ">
            <subfield code="a">Illustrated by Nestor Cambier.</subfield>
            <subfield code="5">FTaSU</subfield>
        </datafield>
        <datafield tag="651" ind1=" " ind2="0">
            <subfield code="a">France</subfield>
            <subfield code="x">History</subfield>
            <subfield code="y">Revolution, 1789-1799</subfield>
            <subfield code="x">Biography.</subfield>
        </datafield>
        <datafield tag="650" ind1=" " ind2="0">
            <subfield code="a">Women</subfield>
            <subfield code="z">France.</subfield>
        </datafield>
        <datafield tag="852" ind1="0" ind2=" ">
            <subfield code="a">FTaSU</subfield>
            <subfield code="b">FSUSP</subfield>
            <subfield code="c">NAP</subfield>
            <subfield code="h">DC145</subfield>
            <subfield code="i">.A83</subfield>
            <subfield code="x">Redes to Special Collections 09/20/06 paf</subfield>
        </datafield>
        <datafield tag="852" ind1="0" ind2=" ">
            <subfield code="a">FTaSU</subfield>
            <subfield code="b">FSUSP</subfield>
            <subfield code="c">NAP</subfield>
            <subfield code="h">DC145</subfield>
            <subfield code="i">.A83</subfield>
            <subfield code="x">Redes to Special Collections 09/20/06 paf</subfield>
        </datafield>
        <datafield tag="951" ind1=" " ind2=" ">
            <subfield code="1">05</subfield>
            <subfield code="a">FSU01:000747480;</subfield>
            <subfield code="5">FTaSU</subfield>
        </datafield>
        <datafield tag="999" ind1=" " ind2=" ">
            <subfield code="a">ADG3519001</subfield>
        </datafield>
    </record>