
    <record>
        <leader>01327nam a2200301K 4500</leader>
        <controlfield tag="001">027486311</controlfield>
        <controlfield tag="004">FSADG3687001</controlfield>
        <controlfield tag="005">20120623041700.0</controlfield>
        <controlfield tag="008">860926m19011930fr 000|0 fre d</controlfield>
        <datafield tag="035" ind1=" " ind2=" ">
            <subfield code="a">(OCoLC)14268686</subfield>
        </datafield>
        <datafield tag="040" ind1=" " ind2=" ">
            <subfield code="a">FDA</subfield>
            <subfield code="c">FDA</subfield>
        </datafield>
        <datafield tag="090" ind1=" " ind2=" ">
            <subfield code="a">DC145</subfield>
            <subfield code="b">.G66</subfield>
        </datafield>
        <datafield tag="100" ind1="1" ind2=" ">
            <subfield code="a">Lenotre, G.,</subfield>
            <subfield code="d">1855-1935.</subfield>
        </datafield>
        <datafield tag="245" ind1="1" ind2="0">
            <subfield code="a">Vieilles maisons, vieux papiers,</subfield>
            <subfield code="c">par G. Lenôtre [pseud.]</subfield>
        </datafield>
        <datafield tag="260" ind1=" " ind2=" ">
            <subfield code="a">Paris,</subfield>
            <subfield code="b">Perrin</subfield>
            <subfield code="c">[1901-30]</subfield>
        </datafield>
        <datafield tag="300" ind1=" " ind2=" ">
            <subfield code="a">6 v.</subfield>
            <subfield code="b">illus., facsims.</subfield>
        </datafield>
        <datafield tag="440" ind1=" " ind2="0">
            <subfield code="a">Paris révolutionnaire</subfield>
            <subfield code="5">FTaSU</subfield>
        </datafield>
        <datafield tag="651" ind1=" " ind2="0">
            <subfield code="a">France</subfield>
            <subfield code="x">History</subfield>
            <subfield code="y">Revolution, 1789-1799</subfield>
            <subfield code="x">Biography.</subfield>
        </datafield>
        <datafield tag="651" ind1=" " ind2="0">
            <subfield code="a">France</subfield>
            <subfield code="x">History</subfield>
            <subfield code="y">Revolution, 1789-1799</subfield>
            <subfield code="x">Causes.</subfield>
        </datafield>
        <datafield tag="852" ind1="0" ind2=" ">
            <subfield code="a">FTaSU</subfield>
            <subfield code="b">FSUSP</subfield>
            <subfield code="c">NAP</subfield>
            <subfield code="h">DC145</subfield>
            <subfield code="i">.G66</subfield>
            <subfield code="t">2</subfield>
            <subfield code="x">Vol. 1 and 3: 1940 printing.</subfield>
            <subfield code="x">Redes to Special Collections 09/20/06 paf</subfield>
        </datafield>
        <datafield tag="866" ind1="3" ind2="1">
            <subfield code="b">FSU STROZIER, Special Coll</subfield>
            <subfield code="c">Napoleon</subfield>
            <subfield code="h">DC145</subfield>
            <subfield code="i">.G66</subfield>
            <subfield code="a">v. 1-6</subfield>
        </datafield>
        <datafield tag="852" ind1="0" ind2=" ">
            <subfield code="a">FTaSU</subfield>
            <subfield code="b">FSUSP</subfield>
            <subfield code="c">NAP</subfield>
            <subfield code="h">DC145</subfield>
            <subfield code="i">.G66</subfield>
            <subfield code="x">1947-49 printing.</subfield>
            <subfield code="x">Redes to Special Collections 09/20/06 paf</subfield>
        </datafield>
        <datafield tag="866" ind1="3" ind2="1">
            <subfield code="b">FSU STROZIER, Special Coll</subfield>
            <subfield code="c">Napoleon</subfield>
            <subfield code="h">DC145</subfield>
            <subfield code="i">.G66</subfield>
            <subfield code="a">v. 1-v. 6</subfield>
        </datafield>
        <datafield tag="852" ind1="0" ind2=" ">
            <subfield code="a">FTaSU</subfield>
            <subfield code="b">FSUSP</subfield>
            <subfield code="c">NAP</subfield>
            <subfield code="h">DC145</subfield>
            <subfield code="i">.G66</subfield>
            <subfield code="t">2</subfield>
            <subfield code="x">Vol. 1 and 3: 1940 printing.</subfield>
            <subfield code="x">Redes to Special Collections 09/20/06 paf</subfield>
        </datafield>
        <datafield tag="852" ind1="0" ind2=" ">
            <subfield code="a">FTaSU</subfield>
            <subfield code="b">FSUSP</subfield>
            <subfield code="c">NAP</subfield>
            <subfield code="h">DC145</subfield>
            <subfield code="i">.G66</subfield>
            <subfield code="x">1947-49 printing.</subfield>
            <subfield code="x">Redes to Special Collections 09/20/06 paf</subfield>
        </datafield>
        <datafield tag="951" ind1=" " ind2=" ">
            <subfield code="1">05</subfield>
            <subfield code="a">FSU01:000747642;</subfield>
            <subfield code="5">FTaSU</subfield>
        </datafield>
        <datafield tag="999" ind1=" " ind2=" ">
            <subfield code="a">ADG3687001</subfield>
        </datafield>
        <datafield tag="999" ind1=" " ind2=" ">
            <subfield code="a">ADG3687002</subfield>
        </datafield>
    </record>