
    <record>
        <leader>00964nam a2200241Ii 4500</leader>
        <controlfield tag="001">027491656</controlfield>
        <controlfield tag="004">FSABG9217001</controlfield>
        <controlfield tag="005">20120623041700.0</controlfield>
        <controlfield tag="008">770122s1933 fr abf 000|0 fre d</controlfield>
        <datafield tag="035" ind1=" " ind2=" ">
            <subfield code="a">(OCoLC)02694745</subfield>
        </datafield>
        <datafield tag="040" ind1=" " ind2=" ">
            <subfield code="a">MUB</subfield>
            <subfield code="c">MUB</subfield>
            <subfield code="d">FDA</subfield>
        </datafield>
        <datafield tag="090" ind1=" " ind2=" ">
            <subfield code="a">DC198.T36</subfield>
            <subfield code="b">A3</subfield>
        </datafield>
        <datafield tag="100" ind1="1" ind2=" ">
            <subfield code="a">Tascher, Maurice Charles Marie de,</subfield>
            <subfield code="d">1786-1813.</subfield>
        </datafield>
        <datafield tag="245" ind1="1" ind2="0">
            <subfield code="a">Journal de campagne d'un cousin de l'impératrice
                (1806-1813)</subfield>
            <subfield code="c">par Maurice de Tascher [Rédigé par Ferdinand de Tascher]</subfield>
        </datafield>
        <datafield tag="260" ind1=" " ind2=" ">
            <subfield code="a">Paris,</subfield>
            <subfield code="b">Plon</subfield>
            <subfield code="c">[c1933]</subfield>
        </datafield>
        <datafield tag="300" ind1=" " ind2=" ">
            <subfield code="a">x, 324 p.</subfield>
            <subfield code="b">illus., maps</subfield>
            <subfield code="c">19 cm.</subfield>
        </datafield>
        <datafield tag="440" ind1=" " ind2="4">
            <subfield code="a">Les témoins de l'épopée,</subfield>
            <subfield code="v">2</subfield>
            <subfield code="5">FTaSU</subfield>
        </datafield>
        <datafield tag="651" ind1=" " ind2="0">
            <subfield code="a">France</subfield>
            <subfield code="x">History</subfield>
            <subfield code="y">Consulate and First Empire, 1799-1815.</subfield>
        </datafield>
        <datafield tag="700" ind1="1" ind2=" ">
            <subfield code="a">Tascher, Ferdinand de</subfield>
            <subfield code="e">ed.</subfield>
        </datafield>
        <datafield tag="852" ind1="0" ind2=" ">
            <subfield code="a">FTaSU</subfield>
            <subfield code="b">FSUSP</subfield>
            <subfield code="c">NAP</subfield>
            <subfield code="h">DC198.T36</subfield>
            <subfield code="i">A3</subfield>
            <subfield code="x">Redesignated from subbasement 10/03/2006 jkj</subfield>
        </datafield>
        <datafield tag="852" ind1="0" ind2=" ">
            <subfield code="a">FTaSU</subfield>
            <subfield code="b">FSUSP</subfield>
            <subfield code="c">NAP</subfield>
            <subfield code="h">DC198.T36</subfield>
            <subfield code="i">A3</subfield>
            <subfield code="x">Redesignated from subbasement 10/03/2006 jkj</subfield>
        </datafield>
        <datafield tag="951" ind1=" " ind2=" ">
            <subfield code="1">05</subfield>
            <subfield code="a">FSU01:000300635;</subfield>
            <subfield code="5">FTaSU</subfield>
        </datafield>
        <datafield tag="999" ind1=" " ind2=" ">
            <subfield code="a">ABG9217001</subfield>
        </datafield>
    </record>