
    <record>
        <leader>01165nam a2200253K 4500</leader>
        <controlfield tag="001">027521605</controlfield>
        <controlfield tag="004">FSADG6074001</controlfield>
        <controlfield tag="005">20120623041900.0</controlfield>
        <controlfield tag="008">861007s1911 fr 000|0 fre d</controlfield>
        <datafield tag="035" ind1=" " ind2=" ">
            <subfield code="a">(OCoLC)14350392</subfield>
        </datafield>
        <datafield tag="040" ind1=" " ind2=" ">
            <subfield code="a">FDA</subfield>
            <subfield code="c">FDA</subfield>
        </datafield>
        <datafield tag="090" ind1=" " ind2=" ">
            <subfield code="a">DC146.H83</subfield>
            <subfield code="b">D8</subfield>
        </datafield>
        <datafield tag="100" ind1="1" ind2=" ">
            <subfield code="a">Du Motey, Henry Renault,</subfield>
            <subfield code="c">vicomte,</subfield>
            <subfield code="d">1858-</subfield>
        </datafield>
        <datafield tag="245" ind1="1" ind2="3">
            <subfield code="a">Un héros de la Grande-Armée: Jean Gaspard Hulot de Collart, officier
                supérieur d'Artillerie (1780-1854)</subfield>
            <subfield code="b">D'après ses lettres de service, ses notes, sa correspondance, celle
                du général J.L. baron Hulot, son frère, les Archives du Ministère de la Guerre, du
                Dépôt central de l'Artillerie, etc., avec carte, portraits et fac-similé,</subfield>
            <subfield code="c">par le vicomte du Motey.</subfield>
        </datafield>
        <datafield tag="260" ind1=" " ind2=" ">
            <subfield code="a">Paris,</subfield>
            <subfield code="b">Picard,</subfield>
            <subfield code="c">1911.</subfield>
        </datafield>
        <datafield tag="300" ind1=" " ind2=" ">
            <subfield code="a">585 p.</subfield>
            <subfield code="b">illus., fold. maps.</subfield>
        </datafield>
        <datafield tag="590" ind1=" " ind2=" ">
            <subfield code="a">Inscribed by the author.</subfield>
            <subfield code="5">FTaSU</subfield>
        </datafield>
        <datafield tag="600" ind1="1" ind2="0">
            <subfield code="a">Hulot de Collart, Jean Gaspard,</subfield>
            <subfield code="d">1780-1854.</subfield>
        </datafield>
        <datafield tag="600" ind1="1" ind2="0">
            <subfield code="a">Hulot, Jacques Louis,</subfield>
            <subfield code="d">1773-1843.</subfield>
        </datafield>
        <datafield tag="651" ind1=" " ind2="0">
            <subfield code="a">France</subfield>
            <subfield code="x">History</subfield>
            <subfield code="y">Consulate and First Empire, 1799-1815.</subfield>
        </datafield>
        <datafield tag="852" ind1="0" ind2=" ">
            <subfield code="a">FTaSU</subfield>
            <subfield code="b">FSUSP</subfield>
            <subfield code="c">NAP</subfield>
            <subfield code="h">DC146.H83</subfield>
            <subfield code="i">D8</subfield>
        </datafield>
        <datafield tag="852" ind1="0" ind2=" ">
            <subfield code="a">FTaSU</subfield>
            <subfield code="b">FSUSP</subfield>
            <subfield code="c">NAP</subfield>
            <subfield code="h">DC146.H83</subfield>
            <subfield code="i">D8</subfield>
        </datafield>
        <datafield tag="951" ind1=" " ind2=" ">
            <subfield code="1">05</subfield>
            <subfield code="a">FSU01:000749346;</subfield>
            <subfield code="5">FTaSU</subfield>
        </datafield>
        <datafield tag="999" ind1=" " ind2=" ">
            <subfield code="a">ADG6074001</subfield>
        </datafield>
    </record>