
    <record>
        <leader>01174nam a2200289K 4500</leader>
        <controlfield tag="001">027571909</controlfield>
        <controlfield tag="004">FSADG8736001</controlfield>
        <controlfield tag="005">20120623042200.0</controlfield>
        <controlfield tag="008">861016m19641966it 000|0 fre d</controlfield>
        <datafield tag="035" ind1=" " ind2=" ">
            <subfield code="a">(OCoLC)14400465</subfield>
        </datafield>
        <datafield tag="040" ind1=" " ind2=" ">
            <subfield code="a">FDA</subfield>
            <subfield code="c">FDA</subfield>
        </datafield>
        <datafield tag="041" ind1="0" ind2=" ">
            <subfield code="a">freita</subfield>
        </datafield>
        <datafield tag="090" ind1=" " ind2=" ">
            <subfield code="a">DC201</subfield>
            <subfield code="b">.B4</subfield>
        </datafield>
        <datafield tag="100" ind1="1" ind2=" ">
            <subfield code="a">Beaucour, Fernand Emile.</subfield>
        </datafield>
        <datafield tag="245" ind1="0" ind2="0">
            <subfield code="a">Articles reprinted from Rivista Italiana di Studi
                Napoleonici.</subfield>
        </datafield>
        <datafield tag="260" ind1=" " ind2=" ">
            <subfield code="a">Firenze</subfield>
            <subfield code="b">Barbera</subfield>
            <subfield code="c">[1964-1966]</subfield>
        </datafield>
        <datafield tag="300" ind1=" " ind2=" ">
            <subfield code="a">3 v. in 1.</subfield>
        </datafield>
        <datafield tag="505" ind1="0" ind2=" ">
            <subfield code="a">Contents.- Notes sur l'Ile d'Elbe en 1802-1803.- Madame Mère, la
                Reine Hortense et Napoléon III.- Un episodio ignorato nella vita di Gioacchino
                Murat.</subfield>
            <subfield code="5">FTaSU</subfield>
        </datafield>
        <datafield tag="590" ind1=" " ind2=" ">
            <subfield code="a">Inscribed by the author.</subfield>
            <subfield code="5">FTaSU</subfield>
        </datafield>
        <datafield tag="651" ind1=" " ind2="0">
            <subfield code="a">France</subfield>
            <subfield code="x">History</subfield>
            <subfield code="y">Consulate and First Empire, 1799-1815.</subfield>
        </datafield>
        <datafield tag="700" ind1="1" ind2=" ">
            <subfield code="a">Beaucour Fernand Emile.</subfield>
            <subfield code="t">Notes sur l'Ile d'Elbe en 1802-1803.</subfield>
        </datafield>
        <datafield tag="700" ind1="1" ind2=" ">
            <subfield code="a">Beaucour Fernand Emile.</subfield>
            <subfield code="t">Madame Mère, la Reine Hortense et Napoléon III.</subfield>
        </datafield>
        <datafield tag="700" ind1="1" ind2=" ">
            <subfield code="a">Beaucour Fernand Emile.</subfield>
            <subfield code="t">Episodio ignorato nella vita di Gioacchino Murat.</subfield>
        </datafield>
        <datafield tag="852" ind1="0" ind2=" ">
            <subfield code="a">FTaSU</subfield>
            <subfield code="b">FSULC</subfield>
            <subfield code="c">SUB</subfield>
            <subfield code="h">DC201</subfield>
            <subfield code="i">.B4</subfield>
        </datafield>
        <datafield tag="852" ind1="0" ind2=" ">
            <subfield code="a">FTaSU</subfield>
            <subfield code="b">FSULC</subfield>
            <subfield code="c">SUB</subfield>
            <subfield code="h">DC201</subfield>
            <subfield code="i">.B4</subfield>
        </datafield>
        <datafield tag="951" ind1=" " ind2=" ">
            <subfield code="1">05</subfield>
            <subfield code="a">FSU01:000751804;</subfield>
            <subfield code="5">FTaSU</subfield>
        </datafield>
        <datafield tag="999" ind1=" " ind2=" ">
            <subfield code="a">ADG8736001</subfield>
        </datafield>
    </record>