
    <record>
        <leader>01121nam a2200301K 4500</leader>
        <controlfield tag="001">027572574</controlfield>
        <controlfield tag="004">FSADG8764001</controlfield>
        <controlfield tag="005">20051012151755.0</controlfield>
        <controlfield tag="008">861016s19141918fr 000|0 fre d</controlfield>
        <datafield tag="035" ind1=" " ind2=" ">
            <subfield code="a">(OCoLC)14401992</subfield>
        </datafield>
        <datafield tag="040" ind1=" " ind2=" ">
            <subfield code="a">FDA</subfield>
            <subfield code="c">FDA</subfield>
        </datafield>
        <datafield tag="090" ind1=" " ind2=" ">
            <subfield code="a">DC202.7</subfield>
            <subfield code="b">.V2 1914</subfield>
        </datafield>
        <datafield tag="100" ind1="1" ind2=" ">
            <subfield code="a">Vandal, Albert,</subfield>
            <subfield code="d">1853-1910.</subfield>
        </datafield>
        <datafield tag="245" ind1="0" ind2="0">
            <subfield code="a">Napoléon et Alexandre Ier [i.e. premier] :</subfield>
            <subfield code="b">L'alliance russe sous le Premier Empire.</subfield>
        </datafield>
        <datafield tag="250" ind1=" " ind2=" ">
            <subfield code="a">8. éd.</subfield>
        </datafield>
        <datafield tag="260" ind1=" " ind2=" ">
            <subfield code="a">Paris, :</subfield>
            <subfield code="b">Plon, Nourrit,</subfield>
            <subfield code="c">1914-18.</subfield>
        </datafield>
        <datafield tag="300" ind1=" " ind2=" ">
            <subfield code="a">3 v. :</subfield>
            <subfield code="b">illus.</subfield>
        </datafield>
        <datafield tag="600" ind1="0" ind2="0">
            <subfield code="a">Napoleon</subfield>
            <subfield code="b">I,</subfield>
            <subfield code="c">Emperor of the French,</subfield>
            <subfield code="d">1769-1821.</subfield>
        </datafield>
        <datafield tag="600" ind1="0" ind2="0">
            <subfield code="a">Alexander</subfield>
            <subfield code="b">I,</subfield>
            <subfield code="c">Emperor of Russia,</subfield>
            <subfield code="d">1777-1825.</subfield>
        </datafield>
        <datafield tag="651" ind1=" " ind2="0">
            <subfield code="a">France</subfield>
            <subfield code="x">History</subfield>
            <subfield code="y">Consulate and First Empire, 1799-1815.</subfield>
        </datafield>
        <datafield tag="651" ind1=" " ind2="0">
            <subfield code="a">Russia</subfield>
            <subfield code="x">History</subfield>
            <subfield code="y">Alexander I, 1801-1825.</subfield>
        </datafield>
        <datafield tag="651" ind1=" " ind2="0">
            <subfield code="a">France</subfield>
            <subfield code="x">Foreign relations</subfield>
            <subfield code="z">Russia.</subfield>
        </datafield>
        <datafield tag="651" ind1=" " ind2="0">
            <subfield code="a">Russia</subfield>
            <subfield code="x">Foreign relations</subfield>
            <subfield code="z">France.</subfield>
        </datafield>
        <datafield tag="852" ind1="0" ind2=" ">
            <subfield code="a">FTaSU</subfield>
            <subfield code="b">FSUSP</subfield>
            <subfield code="c">NAP</subfield>
            <subfield code="h">DC202.7</subfield>
            <subfield code="i">.V2 1914</subfield>
            <subfield code="x">vf</subfield>
        </datafield>
        <datafield tag="866" ind1="3" ind2="1">
            <subfield code="b">FSU STROZIER, Special Coll</subfield>
            <subfield code="c">Napoleon</subfield>
            <subfield code="h">DC202.7</subfield>
            <subfield code="i">.V2 1914</subfield>
            <subfield code="a">v. 1-3</subfield>
        </datafield>
        <datafield tag="852" ind1="0" ind2=" ">
            <subfield code="a">FTaSU</subfield>
            <subfield code="b">FSUSP</subfield>
            <subfield code="c">NAP</subfield>
            <subfield code="h">DC202.7</subfield>
            <subfield code="i">.V2 1914</subfield>
            <subfield code="x">vf</subfield>
        </datafield>
        <datafield tag="951" ind1=" " ind2=" ">
            <subfield code="1">05</subfield>
            <subfield code="a">FSU01:000751832;</subfield>
            <subfield code="5">FTaSU</subfield>
        </datafield>
        <datafield tag="999" ind1=" " ind2=" ">
            <subfield code="a">ADG8764001</subfield>
        </datafield>
    </record>