
    <record>
        <leader>00741nam a2200229K 4500</leader>
        <controlfield tag="001">027576353</controlfield>
        <controlfield tag="004">FSADG8939001</controlfield>
        <controlfield tag="005">20120623042300.0</controlfield>
        <controlfield tag="008">861024s1817 fr 000|0 fre d</controlfield>
        <datafield tag="035" ind1=" " ind2=" ">
            <subfield code="a">(OCoLC)14513676</subfield>
        </datafield>
        <datafield tag="040" ind1=" " ind2=" ">
            <subfield code="a">FDA</subfield>
            <subfield code="c">FDA</subfield>
        </datafield>
        <datafield tag="090" ind1=" " ind2=" ">
            <subfield code="a">DC231</subfield>
            <subfield code="b">.G8</subfield>
        </datafield>
        <datafield tag="100" ind1="1" ind2=" ">
            <subfield code="a">Guingret,</subfield>
        </datafield>
        <datafield tag="245" ind1="1" ind2="0">
            <subfield code="a">Relation historique et militaire de la campagne de Portugal sous le
                maréchal Masséna, Prince, d'Essling</subfield>
            <subfield code="c">Par M. Guingret.</subfield>
        </datafield>
        <datafield tag="260" ind1=" " ind2=" ">
            <subfield code="a">Limoges,</subfield>
            <subfield code="b">Bargeas,</subfield>
            <subfield code="c">1817.</subfield>
        </datafield>
        <datafield tag="300" ind1=" " ind2=" ">
            <subfield code="a">271 p.</subfield>
        </datafield>
        <datafield tag="650" ind1=" " ind2="0">
            <subfield code="a">Peninsular War, 1807-1814.</subfield>
        </datafield>
        <datafield tag="600" ind1="1" ind2="0">
            <subfield code="a">Masséna, André,</subfield>
            <subfield code="c">prince d'Essling,</subfield>
            <subfield code="d">1758-1817.</subfield>
        </datafield>
        <datafield tag="852" ind1="0" ind2=" ">
            <subfield code="a">FTaSU</subfield>
            <subfield code="b">FSUSP</subfield>
            <subfield code="c">NAP</subfield>
            <subfield code="h">DC231</subfield>
            <subfield code="i">.G8</subfield>
        </datafield>
        <datafield tag="852" ind1="0" ind2=" ">
            <subfield code="a">FTaSU</subfield>
            <subfield code="b">FSUSP</subfield>
            <subfield code="c">NAP</subfield>
            <subfield code="h">DC231</subfield>
            <subfield code="i">.G8</subfield>
        </datafield>
        <datafield tag="951" ind1=" " ind2=" ">
            <subfield code="1">05</subfield>
            <subfield code="a">FSU01:000752005;</subfield>
            <subfield code="5">FTaSU</subfield>
        </datafield>
        <datafield tag="999" ind1=" " ind2=" ">
            <subfield code="a">ADG8939001</subfield>
        </datafield>
    </record>