
    <record>
        <leader>01097nam a2200217K 4500</leader>
        <controlfield tag="001">027576735</controlfield>
        <controlfield tag="004">FSADG8955001</controlfield>
        <controlfield tag="005">20120623042300.0</controlfield>
        <controlfield tag="008">861024s1898 fr 000|0 fre d</controlfield>
        <datafield tag="035" ind1=" " ind2=" ">
            <subfield code="a">(OCoLC)14515356</subfield>
        </datafield>
        <datafield tag="040" ind1=" " ind2=" ">
            <subfield code="a">FDA</subfield>
            <subfield code="c">FDA</subfield>
        </datafield>
        <datafield tag="090" ind1=" " ind2=" ">
            <subfield code="a">DC232.5</subfield>
            <subfield code="b">.M3</subfield>
        </datafield>
        <datafield tag="100" ind1="1" ind2=" ">
            <subfield code="a">Martin, Emmanuel,</subfield>
            <subfield code="c">capitaine de gendarmerie.</subfield>
        </datafield>
        <datafield tag="245" ind1="1" ind2="3">
            <subfield code="a">La gendarmerie française en Espagne &amp; en Portugal (campagnes de
                1807 à 1814)</subfield>
            <subfield code="b">Avec un exposé des opérations militaires exécutées dans les provinces
                du Nord de l'Espagne par nos armées, les troupes régulières ennemies et les
                guérillas espagnoles, d'après les archives du Ministre de la Guerre, les Archives
                nationales et autres documents manuscrits ou imprimés.</subfield>
            <subfield code="c">Gravures en couleurs, photogravures, cartes et plans, gravés par L.
                Larmet d'après des aquarelles ce H. Chartier.</subfield>
        </datafield>
        <datafield tag="260" ind1=" " ind2=" ">
            <subfield code="a">Paris,</subfield>
            <subfield code="b">Léautey,</subfield>
            <subfield code="c">1898.</subfield>
        </datafield>
        <datafield tag="300" ind1=" " ind2=" ">
            <subfield code="a">474 p.</subfield>
            <subfield code="b">illus., maps.</subfield>
        </datafield>
        <datafield tag="650" ind1=" " ind2="0">
            <subfield code="a">Peninsular War, 1807-1814.</subfield>
        </datafield>
        <datafield tag="852" ind1="0" ind2=" ">
            <subfield code="a">FTaSU</subfield>
            <subfield code="b">FSUSP</subfield>
            <subfield code="c">NAP</subfield>
            <subfield code="h">DC232.5</subfield>
            <subfield code="i">.M3</subfield>
        </datafield>
        <datafield tag="852" ind1="0" ind2=" ">
            <subfield code="a">FTaSU</subfield>
            <subfield code="b">FSUSP</subfield>
            <subfield code="c">NAP</subfield>
            <subfield code="h">DC232.5</subfield>
            <subfield code="i">.M3</subfield>
        </datafield>
        <datafield tag="951" ind1=" " ind2=" ">
            <subfield code="1">05</subfield>
            <subfield code="a">FSU01:000752021;</subfield>
            <subfield code="5">FTaSU</subfield>
        </datafield>
        <datafield tag="999" ind1=" " ind2=" ">
            <subfield code="a">ADG8955001</subfield>
        </datafield>
    </record>