
    <record>
        <leader>01073cam a2200265I 4500</leader>
        <controlfield tag="001">027582303</controlfield>
        <controlfield tag="004">FSAKN0108001</controlfield>
        <controlfield tag="005">20120623042300.0</controlfield>
        <controlfield tag="008">750811s1934 enk 000|0 eng u</controlfield>
        <datafield tag="010" ind1=" " ind2=" ">
            <subfield code="a"> 34023441 </subfield>
        </datafield>
        <datafield tag="035" ind1=" " ind2=" ">
            <subfield code="a">(OCoLC)01534191</subfield>
        </datafield>
        <datafield tag="040" ind1=" " ind2=" ">
            <subfield code="c">JPL</subfield>
            <subfield code="d">OCL</subfield>
        </datafield>
        <datafield tag="050" ind1="0" ind2=" ">
            <subfield code="a">DC239</subfield>
            <subfield code="b">.H86</subfield>
        </datafield>
        <datafield tag="082" ind1=" " ind2=" ">
            <subfield code="a">944.05</subfield>
        </datafield>
        <datafield tag="100" ind1="1" ind2=" ">
            <subfield code="a">Houssaye, Henry,</subfield>
            <subfield code="d">1848-1911.</subfield>
        </datafield>
        <datafield tag="245" ind1="1" ind2="4">
            <subfield code="a">The return of Napoleon,</subfield>
            <subfield code="c">by Henry Houssays ... translated by T. C. Macaulay, with a preface by
                Sir Fabian Ware.</subfield>
        </datafield>
        <datafield tag="260" ind1=" " ind2=" ">
            <subfield code="a">London,</subfield>
            <subfield code="a">New York, [etc.]</subfield>
            <subfield code="b">Longmans, Green and co.,</subfield>
            <subfield code="c">1934.</subfield>
        </datafield>
        <datafield tag="300" ind1=" " ind2=" ">
            <subfield code="a">xi, 151 p. :</subfield>
            <subfield code="b">ill., ports., fold. maps. ;</subfield>
            <subfield code="c">19 cm.</subfield>
        </datafield>
        <datafield tag="500" ind1=" " ind2=" ">
            <subfield code="a">Translation of the second part of his &quot;1815 ... La premiére
                resturation--Le retour de lĺle d'Elbe--Les cent-jours&quot;. cf. Pref.</subfield>
            <subfield code="5">FTaSU</subfield>
        </datafield>
        <datafield tag="600" ind1="0" ind2="0">
            <subfield code="a">Napoleon</subfield>
            <subfield code="b">I,</subfield>
            <subfield code="c">Emperor of the French,</subfield>
            <subfield code="d">1769-1821</subfield>
            <subfield code="x">Elba and the Hundred Days, 1814-1815.</subfield>
        </datafield>
        <datafield tag="700" ind1="1" ind2=" ">
            <subfield code="a">Macaulay, T. C.,</subfield>
            <subfield code="e">tr.</subfield>
        </datafield>
        <datafield tag="852" ind1="0" ind2=" ">
            <subfield code="a">FTaSU</subfield>
            <subfield code="b">FSULC</subfield>
            <subfield code="c">SUB</subfield>
            <subfield code="h">DC239</subfield>
            <subfield code="i">.H86 1934</subfield>
        </datafield>
        <datafield tag="852" ind1="0" ind2=" ">
            <subfield code="a">FTaSU</subfield>
            <subfield code="b">FSULC</subfield>
            <subfield code="c">SUB</subfield>
            <subfield code="h">DC239</subfield>
            <subfield code="i">.H86 1934</subfield>
        </datafield>
        <datafield tag="951" ind1=" " ind2=" ">
            <subfield code="1">05</subfield>
            <subfield code="a">FSU01:001763710;</subfield>
            <subfield code="5">FTaSU</subfield>
        </datafield>
        <datafield tag="999" ind1=" " ind2=" ">
            <subfield code="a">AKN0108001</subfield>
        </datafield>
    </record>