-->
    <record>
        <leader>00810nam a2200241I 4500</leader>
        <controlfield tag="001">027600382</controlfield>
        <controlfield tag="004">FSABH5003001</controlfield>
        <controlfield tag="005">20120623042500.0</controlfield>
        <controlfield tag="008">770315s1906 en a 000|0 eng d</controlfield>
        <datafield tag="035" ind1=" " ind2=" ">
            <subfield code="a">(OCoLC)02803664</subfield>
        </datafield>
        <datafield tag="040" ind1=" " ind2=" ">
            <subfield code="a">TXU</subfield>
            <subfield code="c">TXU</subfield>
            <subfield code="d">FDA</subfield>
        </datafield>
        <datafield tag="090" ind1=" " ind2=" ">
            <subfield code="a">DC233.S2</subfield>
            <subfield code="b">M3</subfield>
        </datafield>
        <datafield tag="100" ind1="1" ind2=" ">
            <subfield code="a">Marindin, Arthur Henry,</subfield>
            <subfield code="d">1868-</subfield>
        </datafield>
        <datafield tag="245" ind1="1" ind2="4">
            <subfield code="a">The Salamanca campaign.</subfield>
            <subfield code="c">With maps and plans.</subfield>
        </datafield>
        <datafield tag="260" ind1=" " ind2=" ">
            <subfield code="a">London,</subfield>
            <subfield code="b">Rees,</subfield>
            <subfield code="c">1906.</subfield>
        </datafield>
        <datafield tag="300" ind1=" " ind2=" ">
            <subfield code="a">59 p.</subfield>
            <subfield code="b">maps (1 fold. in pocket)</subfield>
            <subfield code="c">29 cm.</subfield>
        </datafield>
        <datafield tag="590" ind1=" " ind2=" ">
            <subfield code="a">This copy annotated by C.T. Atkinson, Peninsular War
                historian.</subfield>
            <subfield code="5">FTaSU</subfield>
        </datafield>
        <datafield tag="650" ind1=" " ind2="0">
            <subfield code="a">Peninsular War, 1807-1814.</subfield>
        </datafield>
        <datafield tag="650" ind1=" " ind2="0">
            <subfield code="a">Salamanca, Battle of, Salamanca, Spain, 1812.</subfield>
        </datafield>
        <datafield tag="852" ind1="0" ind2=" ">
            <subfield code="a">FTaSU</subfield>
            <subfield code="b">FSUSP</subfield>
            <subfield code="c">NAPO</subfield>
            <subfield code="h">DC233.S2</subfield>
            <subfield code="i">M3</subfield>
        </datafield>
        <datafield tag="852" ind1="0" ind2=" ">
            <subfield code="a">FTaSU</subfield>
            <subfield code="b">FSUSP</subfield>
            <subfield code="c">NAPO</subfield>
            <subfield code="h">DC233.S2</subfield>
            <subfield code="i">M3</subfield>
        </datafield>
        <datafield tag="951" ind1=" " ind2=" ">
            <subfield code="1">05</subfield>
            <subfield code="a">FSU01:000306227;</subfield>
            <subfield code="5">FTaSU</subfield>
        </datafield>
        <datafield tag="999" ind1=" " ind2=" ">
            <subfield code="a">ABH5003001</subfield>
        </datafield>
    </record>