
    <record>
        <leader>01456nam a2200361 4500</leader>
        <controlfield tag="001">027784567</controlfield>
        <controlfield tag="004">FSAKP2529001</controlfield>
        <controlfield tag="005">20120623043900.0</controlfield>
        <controlfield tag="008">820712r19821842enk 000|0aeng d</controlfield>
        <datafield tag="010" ind1=" " ind2=" ">
            <subfield code="a">gb 82022225 </subfield>
        </datafield>
        <datafield tag="015" ind1=" " ind2=" ">
            <subfield code="a">GB82-22225</subfield>
        </datafield>
        <datafield tag="019" ind1=" " ind2=" ">
            <subfield code="a">16612623</subfield>
        </datafield>
        <datafield tag="020" ind1=" " ind2=" ">
            <subfield code="a">0901953032</subfield>
        </datafield>
        <datafield tag="035" ind1=" " ind2=" ">
            <subfield code="a">(OCoLC)59998509</subfield>
        </datafield>
        <datafield tag="040" ind1=" " ind2=" ">
            <subfield code="a">UKM</subfield>
            <subfield code="c">UKM</subfield>
        </datafield>
        <datafield tag="043" ind1=" " ind2=" ">
            <subfield code="a">e-uk---</subfield>
        </datafield>
        <datafield tag="090" ind1=" " ind2=" ">
            <subfield code="a">DC226.5</subfield>
            <subfield code="b">.R63 1982</subfield>
        </datafield>
        <datafield tag="100" ind1="1" ind2=" ">
            <subfield code="a">Robertson, D.</subfield>
            <subfield code="q">(David),</subfield>
            <subfield code="d">b. 1777.</subfield>
        </datafield>
        <datafield tag="245" ind1="1" ind2="4">
            <subfield code="a">The journal of Sergeant D. Robertson, late 92d foot :</subfield>
            <subfield code="b">comprising the different campaigns, between the years 1797 and 1818,
                in Egypt, Walcheren, Denmark, Sweden, Portugal, Spain, France, and
                Belgium.</subfield>
        </datafield>
        <datafield tag="260" ind1=" " ind2=" ">
            <subfield code="a">London :</subfield>
            <subfield code="b">Maggs Bros.,</subfield>
            <subfield code="c">1982.</subfield>
        </datafield>
        <datafield tag="300" ind1=" " ind2=" ">
            <subfield code="a">vii, 164 p. ;</subfield>
            <subfield code="c">19 cm.</subfield>
        </datafield>
        <datafield tag="500" ind1=" " ind2=" ">
            <subfield code="a">Facsim. of: ed. published Perth: printed by J. Fisher,
                1842.</subfield>
            <subfield code="5">FTaSU</subfield>
        </datafield>
        <datafield tag="500" ind1=" " ind2=" ">
            <subfield code="a">Limited ed. of 100 numbered copies. Number 91.</subfield>
            <subfield code="5">FTaSU</subfield>
        </datafield>
        <datafield tag="600" ind1="1" ind2="0">
            <subfield code="a">Robertson, D.</subfield>
            <subfield code="q">(David),</subfield>
            <subfield code="d">b. 1777</subfield>
            <subfield code="v">Diaries.</subfield>
        </datafield>
        <datafield tag="610" ind1="1" ind2="0">
            <subfield code="a">Great Britain.</subfield>
            <subfield code="b">Army</subfield>
            <subfield code="x">History</subfield>
            <subfield code="y">Napoleonic Wars, 1800-1815.</subfield>
        </datafield>
        <datafield tag="650" ind1=" " ind2="0">
            <subfield code="a">Soldiers</subfield>
            <subfield code="z">Great Britain</subfield>
            <subfield code="x">Biography</subfield>
            <subfield code="v">Diaries.</subfield>
        </datafield>
        <datafield tag="650" ind1=" " ind2="0">
            <subfield code="a">Napoleonic Wars, 1800-1815</subfield>
            <subfield code="x">Campaigns</subfield>
            <subfield code="z">Great Britain.</subfield>
        </datafield>
        <datafield tag="650" ind1=" " ind2="0">
            <subfield code="a">Napoleonic Wars, 1800-1815</subfield>
            <subfield code="x">Campaigns</subfield>
            <subfield code="v">Personal narratives, British.</subfield>
        </datafield>
        <datafield tag="651" ind1=" " ind2="0">
            <subfield code="a">Europe</subfield>
            <subfield code="x">History</subfield>
            <subfield code="y">1789-1815.</subfield>
        </datafield>
        <datafield tag="852" ind1="0" ind2=" ">
            <subfield code="a">FTaSU</subfield>
            <subfield code="b">FSULC</subfield>
            <subfield code="c">SUB</subfield>
            <subfield code="h">DC226.5</subfield>
            <subfield code="i">.R63 1982</subfield>
        </datafield>
        <datafield tag="852" ind1="0" ind2=" ">
            <subfield code="a">FTaSU</subfield>
            <subfield code="b">FSULC</subfield>
            <subfield code="c">SUB</subfield>
            <subfield code="h">DC226.5</subfield>
            <subfield code="i">.R63 1982</subfield>
        </datafield>
        <datafield tag="951" ind1=" " ind2=" ">
            <subfield code="1">05</subfield>
            <subfield code="a">FSU01:001775537;</subfield>
            <subfield code="5">FTaSU</subfield>
        </datafield>
        <datafield tag="999" ind1=" " ind2=" ">
            <subfield code="a">AKP2529001</subfield>
        </datafield>
    </record>