
    <record>
        <leader>00692nam a2200217I 4500</leader>
        <controlfield tag="001">027801694</controlfield>
        <controlfield tag="004">FSABJ6626001</controlfield>
        <controlfield tag="005">20120623044100.0</controlfield>
        <controlfield tag="008">770524s1907 enk 000|0 eng d</controlfield>
        <datafield tag="035" ind1=" " ind2=" ">
            <subfield code="a">(OCoLC)02989785</subfield>
        </datafield>
        <datafield tag="040" ind1=" " ind2=" ">
            <subfield code="a">TJC</subfield>
            <subfield code="c">TJC</subfield>
            <subfield code="d">FDA</subfield>
        </datafield>
        <datafield tag="090" ind1=" " ind2=" ">
            <subfield code="a">DC244.5</subfield>
            <subfield code="b">.A5</subfield>
        </datafield>
        <datafield tag="100" ind1="1" ind2=" ">
            <subfield code="a">Anderson, J. H.</subfield>
            <subfield code="q">(John Henry).</subfield>
        </datafield>
        <datafield tag="245" ind1="1" ind2="4">
            <subfield code="a">The Waterloo campaign 1815,</subfield>
            <subfield code="b">or The campaign in Belgium,</subfield>
            <subfield code="c">by J. H. Anderson.</subfield>
        </datafield>
        <datafield tag="260" ind1=" " ind2=" ">
            <subfield code="a">London,</subfield>
            <subfield code="b">Rees,</subfield>
            <subfield code="c">1907.</subfield>
        </datafield>
        <datafield tag="300" ind1=" " ind2=" ">
            <subfield code="a">xiii, 15-147 p.</subfield>
            <subfield code="c">22 cm.</subfield>
        </datafield>
        <datafield tag="650" ind1=" " ind2="0">
            <subfield code="a">Waterloo, Battle of, Waterloo, Belgium, 1815</subfield>
        </datafield>
        <datafield tag="852" ind1="0" ind2=" ">
            <subfield code="a">FTaSU</subfield>
            <subfield code="b">FSUSP</subfield>
            <subfield code="c">NAP</subfield>
            <subfield code="h">DC244.5</subfield>
            <subfield code="i">.A5</subfield>
        </datafield>
        <datafield tag="852" ind1="0" ind2=" ">
            <subfield code="a">FTaSU</subfield>
            <subfield code="b">FSUSP</subfield>
            <subfield code="c">NAP</subfield>
            <subfield code="h">DC244.5</subfield>
            <subfield code="i">.A5</subfield>
        </datafield>
        <datafield tag="951" ind1=" " ind2=" ">
            <subfield code="1">05</subfield>
            <subfield code="a">FSU01:000317468;</subfield>
            <subfield code="5">FTaSU</subfield>
        </datafield>
        <datafield tag="999" ind1=" " ind2=" ">
            <subfield code="a">ABJ6626001</subfield>
        </datafield>
    </record>