
    <record>
        <leader>00791nam a2200229K 4500</leader>
        <controlfield tag="001">027889994</controlfield>
        <controlfield tag="004">FSADJ7131001</controlfield>
        <controlfield tag="005">20110728100703.0</controlfield>
        <controlfield tag="008">861030s1887 enk 000|0 eng d</controlfield>
        <datafield tag="035" ind1=" " ind2=" ">
            <subfield code="a">(OCoLC)14574892</subfield>
        </datafield>
        <datafield tag="040" ind1=" " ind2=" ">
            <subfield code="a">FDA</subfield>
            <subfield code="c">FDA</subfield>
        </datafield>
        <datafield tag="090" ind1=" " ind2=" ">
            <subfield code="a">DC243</subfield>
            <subfield code="b">.J34</subfield>
        </datafield>
        <datafield tag="100" ind1="1" ind2=" ">
            <subfield code="a">James, Walter H.</subfield>
            <subfield code="q">(Walter Haweis),</subfield>
            <subfield code="d">1847-1927.</subfield>
        </datafield>
        <datafield tag="245" ind1="1" ind2="4">
            <subfield code="a">The campaign of 1815,</subfield>
            <subfield code="b">chiefly in Flanders,</subfield>
            <subfield code="c">by Walter H. James.</subfield>
        </datafield>
        <datafield tag="260" ind1=" " ind2=" ">
            <subfield code="a">London,</subfield>
            <subfield code="b">Harmsworth,</subfield>
            <subfield code="c">1887.</subfield>
        </datafield>
        <datafield tag="300" ind1=" " ind2=" ">
            <subfield code="a">92 p.</subfield>
            <subfield code="b">4 maps (1 in Pocket).</subfield>
        </datafield>
        <datafield tag="500" ind1=" " ind2=" ">
            <subfield code="a">At head of title: Printed solely for the use of Capt. James'
                pupils.</subfield>
            <subfield code="5">FTaSU</subfield>
        </datafield>
        <datafield tag="650" ind1=" " ind2="0">
            <subfield code="a">Waterloo, Battle of, Waterloo, Belgium, 1815</subfield>
        </datafield>
        <datafield tag="852" ind1="0" ind2=" ">
            <subfield code="a">FTaSU</subfield>
            <subfield code="b">FSUSP</subfield>
            <subfield code="c">NAP</subfield>
            <subfield code="h">DC243</subfield>
            <subfield code="i">.J34</subfield>
        </datafield>
        <datafield tag="852" ind1="0" ind2=" ">
            <subfield code="a">FTaSU</subfield>
            <subfield code="b">FSUSP</subfield>
            <subfield code="c">NAP</subfield>
            <subfield code="h">DC243</subfield>
            <subfield code="i">.J34</subfield>
        </datafield>
        <datafield tag="951" ind1=" " ind2=" ">
            <subfield code="1">05</subfield>
            <subfield code="a">FSU01:000768761;</subfield>
            <subfield code="5">FTaSU</subfield>
        </datafield>
        <datafield tag="999" ind1=" " ind2=" ">
            <subfield code="a">ADJ7131001</subfield>
        </datafield>
    </record>