
    <record>
        <leader>00890nam a2200253K 4500</leader>
        <controlfield tag="001">027890862</controlfield>
        <controlfield tag="004">FSADJ7174001</controlfield>
        <controlfield tag="005">20120623044800.0</controlfield>
        <controlfield tag="008">861103s1937 fr 000|0 fre d</controlfield>
        <datafield tag="035" ind1=" " ind2=" ">
            <subfield code="a">(OCoLC)14627017</subfield>
        </datafield>
        <datafield tag="040" ind1=" " ind2=" ">
            <subfield code="a">FDA</subfield>
            <subfield code="c">FDA</subfield>
        </datafield>
        <datafield tag="041" ind1="1" ind2=" ">
            <subfield code="a">fre</subfield>
            <subfield code="h">eng</subfield>
        </datafield>
        <datafield tag="090" ind1=" " ind2=" ">
            <subfield code="a">DC255.T3</subfield>
            <subfield code="b">C75</subfield>
        </datafield>
        <datafield tag="100" ind1="1" ind2=" ">
            <subfield code="a">Cooper, Duff,</subfield>
            <subfield code="c">Viscount Norwich,</subfield>
            <subfield code="d">1890-1954.</subfield>
        </datafield>
        <datafield tag="245" ind1="1" ind2="0">
            <subfield code="a">Talleyrand, 1754-1838 [i.e. dix-sept cent cinquante-quatre à dix-huit
                cent trente-huit]</subfield>
            <subfield code="c">Traduit de l'anglais par H. et R. Alix.</subfield>
        </datafield>
        <datafield tag="260" ind1=" " ind2=" ">
            <subfield code="a">Paris,</subfield>
            <subfield code="b">Payot,</subfield>
            <subfield code="c">1937.</subfield>
        </datafield>
        <datafield tag="300" ind1=" " ind2=" ">
            <subfield code="a">329 p.</subfield>
        </datafield>
        <datafield tag="490" ind1="0" ind2=" ">
            <subfield code="a">Bibliothèque historique</subfield>
            <subfield code="5">FTaSU</subfield>
        </datafield>
        <datafield tag="504" ind1=" " ind2=" ">
            <subfield code="a">Bibliographie: p. [319]-322.</subfield>
        </datafield>
        <datafield tag="600" ind1="1" ind2="0">
            <subfield code="a">Talleyrand-Périgord, Charles Maurice de,</subfield>
            <subfield code="c">prince de Bénévent,</subfield>
            <subfield code="d">1754-1838.</subfield>
        </datafield>
        <datafield tag="852" ind1="0" ind2=" ">
            <subfield code="a">FTaSU</subfield>
            <subfield code="b">FSULC</subfield>
            <subfield code="c">GEN</subfield>
            <subfield code="h">DC255.T3</subfield>
            <subfield code="i">C75</subfield>
        </datafield>
        <datafield tag="852" ind1="0" ind2=" ">
            <subfield code="a">FTaSU</subfield>
            <subfield code="b">FSULC</subfield>
            <subfield code="c">GEN</subfield>
            <subfield code="h">DC255.T3</subfield>
            <subfield code="i">C75</subfield>
        </datafield>
        <datafield tag="951" ind1=" " ind2=" ">
            <subfield code="1">05</subfield>
            <subfield code="a">FSU01:000768804;</subfield>
            <subfield code="5">FTaSU</subfield>
        </datafield>
        <datafield tag="999" ind1=" " ind2=" ">
            <subfield code="a">ADJ7174001</subfield>
        </datafield>
    </record>