
    <record>
        <leader>00811nam a2200241K 4500</leader>
        <controlfield tag="001">027892214</controlfield>
        <controlfield tag="004">FSADJ7244001</controlfield>
        <controlfield tag="005">20120623044800.0</controlfield>
        <controlfield tag="008">861107s1887 fr 000|0 fre d</controlfield>
        <datafield tag="035" ind1=" " ind2=" ">
            <subfield code="a">(OCoLC)14685820</subfield>
        </datafield>
        <datafield tag="040" ind1=" " ind2=" ">
            <subfield code="a">FDA</subfield>
            <subfield code="c">FDA</subfield>
        </datafield>
        <datafield tag="090" ind1=" " ind2=" ">
            <subfield code="a">DC782.C6</subfield>
            <subfield code="b">P6</subfield>
        </datafield>
        <datafield tag="100" ind1="1" ind2=" ">
            <subfield code="a">Pottet, Eugène.</subfield>
        </datafield>
        <datafield tag="245" ind1="1" ind2="0">
            <subfield code="a">Histoire de la Conciergerie du Palais de Paris depuis les origines
                jusqu'à nos jours (1031-1886).</subfield>
        </datafield>
        <datafield tag="260" ind1=" " ind2=" ">
            <subfield code="a">Paris,</subfield>
            <subfield code="b">Maison Quantin,</subfield>
            <subfield code="c">1887.</subfield>
        </datafield>
        <datafield tag="300" ind1=" " ind2=" ">
            <subfield code="a">272 p.</subfield>
            <subfield code="b">illus.</subfield>
        </datafield>
        <datafield tag="610" ind1="1" ind2="0">
            <subfield code="a">Conciergerie (Paris, France)</subfield>
        </datafield>
        <datafield tag="650" ind1=" " ind2="0">
            <subfield code="a">Prisons</subfield>
            <subfield code="z">France</subfield>
            <subfield code="z">Paris.</subfield>
        </datafield>
        <datafield tag="600" ind1="0" ind2="0">
            <subfield code="a">Marie Antoinette,</subfield>
            <subfield code="c">Queen, consort of Louis XVI, King of France,</subfield>
            <subfield code="d">1755-1793.</subfield>
        </datafield>
        <datafield tag="852" ind1="0" ind2=" ">
            <subfield code="a">FTaSU</subfield>
            <subfield code="b">FSUSP</subfield>
            <subfield code="c">NAP</subfield>
            <subfield code="h">DC782.C6</subfield>
            <subfield code="i">P6</subfield>
        </datafield>
        <datafield tag="852" ind1="0" ind2=" ">
            <subfield code="a">FTaSU</subfield>
            <subfield code="b">FSUSP</subfield>
            <subfield code="c">NAP</subfield>
            <subfield code="h">DC782.C6</subfield>
            <subfield code="i">P6</subfield>
        </datafield>
        <datafield tag="951" ind1=" " ind2=" ">
            <subfield code="1">05</subfield>
            <subfield code="a">FSU01:000768873;</subfield>
            <subfield code="5">FTaSU</subfield>
        </datafield>
        <datafield tag="999" ind1=" " ind2=" ">
            <subfield code="a">ADJ7244001</subfield>
        </datafield>
    </record>