
    <record>
        <leader>01076nam a2200289I 4500</leader>
        <controlfield tag="001">027921529</controlfield>
        <controlfield tag="004">FSABK3678001</controlfield>
        <controlfield tag="005">20120623045100.0</controlfield>
        <controlfield tag="008">770713s1898 fr h 000|0 frem </controlfield>
        <datafield tag="010" ind1=" " ind2=" ">
            <subfield code="a"> 05005680 </subfield>
        </datafield>
        <datafield tag="035" ind1=" " ind2=" ">
            <subfield code="a">(OCoLC)03111047</subfield>
        </datafield>
        <datafield tag="040" ind1=" " ind2=" ">
            <subfield code="a">DLC</subfield>
            <subfield code="c">SYB</subfield>
            <subfield code="d">FDA</subfield>
        </datafield>
        <datafield tag="050" ind1="0" ind2=" ">
            <subfield code="a">DC167.5</subfield>
            <subfield code="b">.F93</subfield>
        </datafield>
        <datafield tag="100" ind1="1" ind2=" ">
            <subfield code="a">Funck-Brentano, Frantz,</subfield>
            <subfield code="d">1862-1947.</subfield>
        </datafield>
        <datafield tag="245" ind1="1" ind2="0">
            <subfield code="a">Légendes et archives de la Bastille,</subfield>
            <subfield code="c">par Frantz Funck-Brentano, avec une préface de m. Victorien Sardou
                ...</subfield>
        </datafield>
        <datafield tag="260" ind1=" " ind2=" ">
            <subfield code="a">Paris,</subfield>
            <subfield code="b">Hachette et cie,</subfield>
            <subfield code="c">1898.</subfield>
        </datafield>
        <datafield tag="300" ind1=" " ind2=" ">
            <subfield code="a">xlviii, 275 p., 1 l.</subfield>
            <subfield code="b">facsims.</subfield>
            <subfield code="c">19 cm.</subfield>
        </datafield>
        <datafield tag="490" ind1="0" ind2=" ">
            <subfield code="a">[Biblioth ̀eque variée]</subfield>
            <subfield code="5">FTaSU</subfield>
        </datafield>
        <datafield tag="505" ind1="0" ind2=" ">
            <subfield code="a">La vie à Bastille.--Le Masque de fer.--Les gens de lettres à
                Bastille.--Latude.--Le 14 juillet.</subfield>
            <subfield code="5">FTaSU</subfield>
        </datafield>
        <datafield tag="600" ind1="1" ind2="0">
            <subfield code="a">Latude, Henri Masers de,</subfield>
            <subfield code="d">1725-1805.</subfield>
        </datafield>
        <datafield tag="600" ind1="1" ind2="0">
            <subfield code="a">Mattioli, Ercole Antonio,</subfield>
            <subfield code="c">conte,</subfield>
            <subfield code="d">1640-1703.</subfield>
        </datafield>
        <datafield tag="610" ind1="2" ind2="0">
            <subfield code="a">Bastille.</subfield>
        </datafield>
        <datafield tag="630" ind1="0" ind2="0">
            <subfield code="a">Man in the iron mask.</subfield>
        </datafield>
        <datafield tag="852" ind1="0" ind2=" ">
            <subfield code="a">FTaSU</subfield>
            <subfield code="b">FSUSP</subfield>
            <subfield code="c">NAP</subfield>
            <subfield code="h">DC167.5</subfield>
            <subfield code="i">.F93</subfield>
        </datafield>
        <datafield tag="852" ind1="0" ind2=" ">
            <subfield code="a">FTaSU</subfield>
            <subfield code="b">FSUSP</subfield>
            <subfield code="c">NAP</subfield>
            <subfield code="h">DC167.5</subfield>
            <subfield code="i">.F93</subfield>
        </datafield>
        <datafield tag="951" ind1=" " ind2=" ">
            <subfield code="1">05</subfield>
            <subfield code="a">FSU01:000324266;</subfield>
            <subfield code="5">FTaSU</subfield>
        </datafield>
        <datafield tag="999" ind1=" " ind2=" ">
            <subfield code="a">ABK3678001</subfield>
        </datafield>
    </record>