
    <record>
        <leader>01100nam a2200265Ia 4500</leader>
        <controlfield tag="001">027960347</controlfield>
        <controlfield tag="004">FSAKQ3655001</controlfield>
        <controlfield tag="005">20120623045400.0</controlfield>
        <controlfield tag="008">971211s1863 sz 000|0 fre d</controlfield>
        <datafield tag="035" ind1=" " ind2=" ">
            <subfield code="a">(OCoLC)38070109</subfield>
        </datafield>
        <datafield tag="040" ind1=" " ind2=" ">
            <subfield code="a">COC</subfield>
            <subfield code="c">COC</subfield>
            <subfield code="d">FDA</subfield>
        </datafield>
        <datafield tag="090" ind1=" " ind2=" ">
            <subfield code="a">DC242</subfield>
            <subfield code="b">.C48 1863b</subfield>
        </datafield>
        <datafield tag="100" ind1="1" ind2=" ">
            <subfield code="a">Charras, Jean Baptiste Adolphe,</subfield>
            <subfield code="d">1800-1865.</subfield>
        </datafield>
        <datafield tag="245" ind1="1" ind2="0">
            <subfield code="a">Histoire de la campagne de 1815 :</subfield>
            <subfield code="b">Waterloo /</subfield>
            <subfield code="c">par le Lt-Colonel Charras.</subfield>
        </datafield>
        <datafield tag="250" ind1=" " ind2=" ">
            <subfield code="a">5. éd.</subfield>
        </datafield>
        <datafield tag="260" ind1=" " ind2=" ">
            <subfield code="a">Bâle :</subfield>
            <subfield code="b">Librairie H. Georg,</subfield>
            <subfield code="c">[1863?]</subfield>
        </datafield>
        <datafield tag="300" ind1=" " ind2=" ">
            <subfield code="a">2 v. in 1 ;</subfield>
            <subfield code="c">18 cm.</subfield>
            <subfield code="e">1 atlas (13 p. : 5 maps ; 18 cm.)</subfield>
        </datafield>
        <datafield tag="500" ind1=" " ind2=" ">
            <subfield code="a">Atlas has special t.-p.: Campagne de 1815; Waterloo. Atlas spécial
                composé di cinq plans et cartes dessinés expressément pour cet ouvrage.</subfield>
            <subfield code="5">FTaSU</subfield>
        </datafield>
        <datafield tag="650" ind1=" " ind2="0">
            <subfield code="a">Waterloo, Battle of, Waterloo, Belgium, 1815</subfield>
        </datafield>
        <datafield tag="600" ind1="0" ind2="0">
            <subfield code="a">Napoleon</subfield>
            <subfield code="b">I,</subfield>
            <subfield code="c">Emperor of the French,</subfield>
            <subfield code="d">1769-1821</subfield>
        </datafield>
        <datafield tag="852" ind1="0" ind2=" ">
            <subfield code="a">FTaSU</subfield>
            <subfield code="b">FSUSP</subfield>
            <subfield code="c">NAP</subfield>
            <subfield code="h">DC242</subfield>
            <subfield code="i">.C48 1863b</subfield>
        </datafield>
        <datafield tag="866" ind1="3" ind2="1">
            <subfield code="b">FSU STROZIER, Special Coll</subfield>
            <subfield code="c">Napoleon</subfield>
            <subfield code="h">DC242</subfield>
            <subfield code="i">.C48 1863b</subfield>
            <subfield code="8">0</subfield>
            <subfield code="a">t.1-2</subfield>
        </datafield>
        <datafield tag="852" ind1="0" ind2=" ">
            <subfield code="a">FTaSU</subfield>
            <subfield code="b">FSUSP</subfield>
            <subfield code="c">NAP</subfield>
            <subfield code="h">DC242</subfield>
            <subfield code="i">.C48 1863b</subfield>
        </datafield>
        <datafield tag="951" ind1=" " ind2=" ">
            <subfield code="1">05</subfield>
            <subfield code="a">FSU01:001785963;</subfield>
            <subfield code="5">FTaSU</subfield>
        </datafield>
        <datafield tag="999" ind1=" " ind2=" ">
            <subfield code="a">AKQ3655001</subfield>
        </datafield>
    </record>