
    <record>
        <leader>01284nam a2200313 a 4500</leader>
        <controlfield tag="001">028040680</controlfield>
        <controlfield tag="004">FSAHG7276001</controlfield>
        <controlfield tag="005">20120623050200.0</controlfield>
        <controlfield tag="008">920915s1918 gw 000|0 ger d</controlfield>
        <datafield tag="035" ind1=" " ind2=" ">
            <subfield code="a">(OCoLC)28186336</subfield>
        </datafield>
        <datafield tag="040" ind1=" " ind2=" ">
            <subfield code="a">FDA</subfield>
            <subfield code="c">FDA</subfield>
        </datafield>
        <datafield tag="090" ind1=" " ind2=" ">
            <subfield code="a">DD901.N92</subfield>
            <subfield code="b">G53</subfield>
        </datafield>
        <datafield tag="100" ind1="1" ind2=" ">
            <subfield code="a">Glauning, Otto.</subfield>
        </datafield>
        <datafield tag="245" ind1="1" ind2="0">
            <subfield code="a">Neveu und der Raub Nürnberger Kunst- und Bücherschätze im Jahre 1801
                /</subfield>
            <subfield code="c">von Otto Glauning.</subfield>
        </datafield>
        <datafield tag="260" ind1=" " ind2=" ">
            <subfield code="a">[Nürnberg? :</subfield>
            <subfield code="b">s.n.,</subfield>
            <subfield code="c">1918?]</subfield>
        </datafield>
        <datafield tag="300" ind1=" " ind2=" ">
            <subfield code="a">p. [174]-243 ;</subfield>
            <subfield code="c">23 cm.</subfield>
        </datafield>
        <datafield tag="500" ind1=" " ind2=" ">
            <subfield code="a">Caption title.</subfield>
            <subfield code="5">FTaSU</subfield>
        </datafield>
        <datafield tag="500" ind1=" " ind2=" ">
            <subfield code="a">Imprint date from accompanying evidence.</subfield>
            <subfield code="5">FTaSU</subfield>
        </datafield>
        <datafield tag="500" ind1=" " ind2=" ">
            <subfield code="a">Probably detached from Mitteilungen des Vereins für Geschichte der
                Stadt Nürnberg. Periodical name added by hand to cover.</subfield>
            <subfield code="5">FTaSU</subfield>
        </datafield>
        <datafield tag="504" ind1=" " ind2=" ">
            <subfield code="a">Includes bibliographical references.</subfield>
        </datafield>
        <datafield tag="600" ind1="1" ind2="0">
            <subfield code="a">Neveu, François-Marie,</subfield>
            <subfield code="d">b. 1756.</subfield>
        </datafield>
        <datafield tag="650" ind1=" " ind2="0">
            <subfield code="a">Napoleonic Wars, 1800-1815</subfield>
            <subfield code="x">Confiscations and contributions</subfield>
            <subfield code="z">Germany</subfield>
            <subfield code="z">Nuremberg.</subfield>
        </datafield>
        <datafield tag="650" ind1=" " ind2="0">
            <subfield code="a">Pillage</subfield>
            <subfield code="z">Germany</subfield>
            <subfield code="z">Nuremberg</subfield>
            <subfield code="x">History</subfield>
            <subfield code="y">19th century.</subfield>
        </datafield>
        <datafield tag="650" ind1=" " ind2="0">
            <subfield code="a">Art treasures in war</subfield>
            <subfield code="z">Germany</subfield>
            <subfield code="z">Nuremberg</subfield>
            <subfield code="x">History</subfield>
            <subfield code="y">19th century.</subfield>
        </datafield>
        <datafield tag="650" ind1=" " ind2="0">
            <subfield code="a">Libraries</subfield>
            <subfield code="x">Effect of war on.</subfield>
        </datafield>
        <datafield tag="852" ind1="0" ind2=" ">
            <subfield code="a">FTaSU</subfield>
            <subfield code="b">FSUSP</subfield>
            <subfield code="c">NAP</subfield>
            <subfield code="h">DD901.N92</subfield>
            <subfield code="i">G53</subfield>
        </datafield>
        <datafield tag="852" ind1="0" ind2=" ">
            <subfield code="a">FTaSU</subfield>
            <subfield code="b">FSUSP</subfield>
            <subfield code="c">NAP</subfield>
            <subfield code="h">DD901.N92</subfield>
            <subfield code="i">G53</subfield>
        </datafield>
        <datafield tag="951" ind1=" " ind2=" ">
            <subfield code="1">05</subfield>
            <subfield code="a">FSU01:001284930;</subfield>
            <subfield code="5">FTaSU</subfield>
        </datafield>
        <datafield tag="999" ind1=" " ind2=" ">
            <subfield code="a">AHG7276001</subfield>
        </datafield>
    </record>