
    <record>
        <leader>01314nam a2200301 a 4500</leader>
        <controlfield tag="001">028040898</controlfield>
        <controlfield tag="004">FSAHG7288001</controlfield>
        <controlfield tag="005">20120623050200.0</controlfield>
        <controlfield tag="008">920915s1805 gw 000|0 ger d</controlfield>
        <datafield tag="035" ind1=" " ind2=" ">
            <subfield code="a">(OCoLC)28186325</subfield>
        </datafield>
        <datafield tag="040" ind1=" " ind2=" ">
            <subfield code="a">FDA</subfield>
            <subfield code="c">FDA</subfield>
        </datafield>
        <datafield tag="090" ind1=" " ind2=" ">
            <subfield code="a">DD801.W74</subfield>
            <subfield code="b">G78 1805</subfield>
        </datafield>
        <datafield tag="245" ind1="0" ind2="0">
            <subfield code="a">Grundriss einer statistischen Kunde von Alt-Würtemberg in 84 Tafeln
                :</subfield>
            <subfield code="b">nebst einer General-Tabelle über sämmtliche Chur-Würtembergische
                Lande.</subfield>
        </datafield>
        <datafield tag="260" ind1=" " ind2=" ">
            <subfield code="a">Stuttgart :</subfield>
            <subfield code="b">[s.n.],</subfield>
            <subfield code="c">1805.</subfield>
        </datafield>
        <datafield tag="300" ind1=" " ind2=" ">
            <subfield code="a">[120] p. ;</subfield>
            <subfield code="c">35 cm.</subfield>
        </datafield>
        <datafield tag="500" ind1=" " ind2=" ">
            <subfield code="a">On separate t.p in text: General-Tabelle von Alt- und
                Neu-Würtemberg.</subfield>
            <subfield code="5">FTaSU</subfield>
        </datafield>
        <datafield tag="500" ind1=" " ind2=" ">
            <subfield code="a">Spine title: Grundriss einer statist. Kunde von Württemberg
                1805.</subfield>
            <subfield code="5">FTaSU</subfield>
        </datafield>
        <datafield tag="500" ind1=" " ind2=" ">
            <subfield code="a">Name on spine: v. Ezdorff; on dedicatory leaf: ... von Gottlieb,
                Reichsgrafen von Ezdorff.</subfield>
            <subfield code="5">FTaSU</subfield>
        </datafield>
        <datafield tag="590" ind1=" " ind2=" ">
            <subfield code="a">Bookplate: Ex libris Marcel Dunan.</subfield>
            <subfield code="5">FTaSU</subfield>
        </datafield>
        <datafield tag="651" ind1=" " ind2="0">
            <subfield code="a">Württemberg (Germany)</subfield>
            <subfield code="x">Statistics.</subfield>
        </datafield>
        <datafield tag="651" ind1=" " ind2="0">
            <subfield code="a">Württemberg (Germany)</subfield>
            <subfield code="x">History.</subfield>
        </datafield>
        <datafield tag="700" ind1="1" ind2=" ">
            <subfield code="a">Ezdorff, Gottlieb,</subfield>
            <subfield code="c">Reichsgraf von.</subfield>
        </datafield>
        <datafield tag="740" ind1="0" ind2=" ">
            <subfield code="a">General-Tabelle von Alt- und Neu-Würtemberg.</subfield>
        </datafield>
        <datafield tag="740" ind1="0" ind2=" ">
            <subfield code="a">Grundriss einer statist. Kunde von Württemberg 1805.</subfield>
        </datafield>
        <datafield tag="852" ind1="0" ind2=" ">
            <subfield code="a">FTaSU</subfield>
            <subfield code="b">FSUSP</subfield>
            <subfield code="c">NAPO</subfield>
            <subfield code="h">DD801.W74</subfield>
            <subfield code="i">G78 1805</subfield>
        </datafield>
        <datafield tag="852" ind1="0" ind2=" ">
            <subfield code="a">FTaSU</subfield>
            <subfield code="b">FSUSP</subfield>
            <subfield code="c">NAPO</subfield>
            <subfield code="h">DD801.W74</subfield>
            <subfield code="i">G78 1805</subfield>
        </datafield>
        <datafield tag="951" ind1=" " ind2=" ">
            <subfield code="1">05</subfield>
            <subfield code="a">FSU01:001284942;</subfield>
            <subfield code="5">FTaSU</subfield>
        </datafield>
        <datafield tag="999" ind1=" " ind2=" ">
            <subfield code="a">AHG7288001</subfield>
        </datafield>
    </record>