
    <record>
        <leader>01222nam a2200289 a 4500</leader>
        <controlfield tag="001">028041438</controlfield>
        <controlfield tag="004">FSAHG7320001</controlfield>
        <controlfield tag="005">20120623050200.0</controlfield>
        <controlfield tag="008">920915s1799 gw 000|0 ger </controlfield>
        <datafield tag="010" ind1=" " ind2=" ">
            <subfield code="a"> 04020778 </subfield>
        </datafield>
        <datafield tag="035" ind1=" " ind2=" ">
            <subfield code="a">(OCoLC)28169975</subfield>
        </datafield>
        <datafield tag="040" ind1=" " ind2=" ">
            <subfield code="a">DLC</subfield>
            <subfield code="c">FDA</subfield>
        </datafield>
        <datafield tag="050" ind1=" " ind2=" ">
            <subfield code="a">DD901.B2</subfield>
            <subfield code="b">M8</subfield>
        </datafield>
        <datafield tag="100" ind1="1" ind2=" ">
            <subfield code="a">Murr, Christoph Gottlieb von,</subfield>
            <subfield code="d">1733-1811.</subfield>
        </datafield>
        <datafield tag="245" ind1="1" ind2="0">
            <subfield code="a">Merkwürdigkeiten der fürstbischöflischen Residenzstadt Bamberg
                /</subfield>
            <subfield code="c">von Christoph Gottlieb von Murr.</subfield>
        </datafield>
        <datafield tag="260" ind1=" " ind2=" ">
            <subfield code="a">Nürnberg :</subfield>
            <subfield code="b">In der Grattenauerischen Buchhandlung,</subfield>
            <subfield code="c">1799.</subfield>
        </datafield>
        <datafield tag="300" ind1=" " ind2=" ">
            <subfield code="a">292 p., [2] leaves of plates (folded) :</subfield>
            <subfield code="b">ill. ;</subfield>
            <subfield code="c">22 cm.</subfield>
        </datafield>
        <datafield tag="504" ind1=" " ind2=" ">
            <subfield code="a">Includes bibliographical references.</subfield>
        </datafield>
        <datafield tag="505" ind1="0" ind2=" ">
            <subfield code="a">1. Bambergs Lage -- 2. Geschichte. Ursprung -- 3. Bambergs
                Eintheilung -- 4. Siegel -- 5. Münzen -- 6. Politische Verfassung -- 7. Geistliche
                Gebäude -- 8. Weltliche Gebäude -- Anhang.</subfield>
            <subfield code="5">FTaSU</subfield>
        </datafield>
        <datafield tag="651" ind1=" " ind2="0">
            <subfield code="a">Bamberg (Germany)</subfield>
            <subfield code="x">History.</subfield>
        </datafield>
        <datafield tag="651" ind1=" " ind2="0">
            <subfield code="a">Bamberg (Germany)</subfield>
            <subfield code="x">Buildings, structures, etc.</subfield>
        </datafield>
        <datafield tag="651" ind1=" " ind2="0">
            <subfield code="a">Bamberg (Germany)</subfield>
            <subfield code="x">Politics and government.</subfield>
        </datafield>
        <datafield tag="650" ind1=" " ind2="0">
            <subfield code="a">Coins, German.</subfield>
        </datafield>
        <datafield tag="852" ind1="0" ind2=" ">
            <subfield code="a">FTaSU</subfield>
            <subfield code="b">FSUSP</subfield>
            <subfield code="c">NAP</subfield>
            <subfield code="h">DD901.B2</subfield>
            <subfield code="i">M8</subfield>
        </datafield>
        <datafield tag="852" ind1="0" ind2=" ">
            <subfield code="a">FTaSU</subfield>
            <subfield code="b">FSUSP</subfield>
            <subfield code="c">NAP</subfield>
            <subfield code="h">DD901.B2</subfield>
            <subfield code="i">M8</subfield>
        </datafield>
        <datafield tag="951" ind1=" " ind2=" ">
            <subfield code="1">05</subfield>
            <subfield code="a">FSU01:001284973;</subfield>
            <subfield code="5">FTaSU</subfield>
        </datafield>
        <datafield tag="999" ind1=" " ind2=" ">
            <subfield code="a">AHG7320001</subfield>
        </datafield>
    </record>