
    <record>
        <leader>01020nam a2200277 a 4500</leader>
        <controlfield tag="001">028041472</controlfield>
        <controlfield tag="004">FSAHG7322001</controlfield>
        <controlfield tag="005">20120623050200.0</controlfield>
        <controlfield tag="008">920915s1804 gw 000|0 ger d</controlfield>
        <datafield tag="035" ind1=" " ind2=" ">
            <subfield code="a">(OCoLC)28169989</subfield>
        </datafield>
        <datafield tag="040" ind1=" " ind2=" ">
            <subfield code="a">FDA</subfield>
            <subfield code="c">FDA</subfield>
        </datafield>
        <datafield tag="090" ind1=" " ind2=" ">
            <subfield code="a">DD901.P3</subfield>
            <subfield code="b">N87</subfield>
        </datafield>
        <datafield tag="100" ind1="1" ind2=" ">
            <subfield code="a">Nusshart, Leopold.</subfield>
        </datafield>
        <datafield tag="245" ind1="1" ind2="0">
            <subfield code="a">Beschreibung des Fürstenthums Passau, kursalzburgischen Antheils
                :</subfield>
            <subfield code="b">in topographischer, ökonomischer und physikalischer Hinsicht
                /</subfield>
            <subfield code="c">von Leopold Nusshart.</subfield>
        </datafield>
        <datafield tag="260" ind1=" " ind2=" ">
            <subfield code="a">Passau :</subfield>
            <subfield code="b">Gedruckt bei N. Ambrosi,</subfield>
            <subfield code="c">1804.</subfield>
        </datafield>
        <datafield tag="300" ind1=" " ind2=" ">
            <subfield code="a">vi, 136 p. ;</subfield>
            <subfield code="c">17 cm.</subfield>
        </datafield>
        <datafield tag="500" ind1=" " ind2=" ">
            <subfield code="a">&quot;Auf Kosten des Verfassers.&quot;</subfield>
            <subfield code="5">FTaSU</subfield>
        </datafield>
        <datafield tag="504" ind1=" " ind2=" ">
            <subfield code="a">Includes bibliographical references.</subfield>
        </datafield>
        <datafield tag="651" ind1=" " ind2="0">
            <subfield code="a">Passau (Germany)</subfield>
            <subfield code="x">Description and travel.</subfield>
        </datafield>
        <datafield tag="651" ind1=" " ind2="0">
            <subfield code="a">Passau (Germany)</subfield>
            <subfield code="x">Economic conditions.</subfield>
        </datafield>
        <datafield tag="651" ind1=" " ind2="0">
            <subfield code="a">Passau (Germany)</subfield>
            <subfield code="x">History.</subfield>
        </datafield>
        <datafield tag="650" ind1=" " ind2="0">
            <subfield code="a">Agriculture</subfield>
            <subfield code="z">Germany</subfield>
            <subfield code="z">Passau.</subfield>
        </datafield>
        <datafield tag="852" ind1="0" ind2=" ">
            <subfield code="a">FTaSU</subfield>
            <subfield code="b">FSUSP</subfield>
            <subfield code="c">NAP</subfield>
            <subfield code="h">DD901.P3</subfield>
            <subfield code="i">N87</subfield>
        </datafield>
        <datafield tag="852" ind1="0" ind2=" ">
            <subfield code="a">FTaSU</subfield>
            <subfield code="b">FSUSP</subfield>
            <subfield code="c">NAP</subfield>
            <subfield code="h">DD901.P3</subfield>
            <subfield code="i">N87</subfield>
        </datafield>
        <datafield tag="951" ind1=" " ind2=" ">
            <subfield code="1">05</subfield>
            <subfield code="a">FSU01:001284975;</subfield>
            <subfield code="5">FTaSU</subfield>
        </datafield>
        <datafield tag="999" ind1=" " ind2=" ">
            <subfield code="a">AHG7322001</subfield>
        </datafield>
    </record>