
    <record>
        <leader>01157nam a2200313 a 4500</leader>
        <controlfield tag="001">028041747</controlfield>
        <controlfield tag="004">FSAHG7339001</controlfield>
        <controlfield tag="005">20120623050200.0</controlfield>
        <controlfield tag="008">920915q19101919au 000|0 ger d</controlfield>
        <datafield tag="035" ind1=" " ind2=" ">
            <subfield code="a">(OCoLC)28314814</subfield>
        </datafield>
        <datafield tag="040" ind1=" " ind2=" ">
            <subfield code="a">FDA</subfield>
            <subfield code="c">FDA</subfield>
        </datafield>
        <datafield tag="090" ind1=" " ind2=" ">
            <subfield code="a">DC226.5</subfield>
            <subfield code="b">.S36</subfield>
        </datafield>
        <datafield tag="100" ind1="1" ind2=" ">
            <subfield code="a">Schnierer, Johann,</subfield>
            <subfield code="d">1790-</subfield>
        </datafield>
        <datafield tag="245" ind1="1" ind2="0">
            <subfield code="a">Aus der Franzosenzeit (1809-1816) :</subfield>
            <subfield code="b">Aufzeichnungen eines österreichischen Soldaten /</subfield>
            <subfield code="c">[Johann Schnierer].</subfield>
        </datafield>
        <datafield tag="260" ind1=" " ind2=" ">
            <subfield code="a">Braunau am Inn :</subfield>
            <subfield code="b">J. Stampil,</subfield>
            <subfield code="c">[1910-1919?]</subfield>
        </datafield>
        <datafield tag="300" ind1=" " ind2=" ">
            <subfield code="a">89 p. ;</subfield>
            <subfield code="c">20 cm.</subfield>
        </datafield>
        <datafield tag="490" ind1="1" ind2=" ">
            <subfield code="a">Innviertler Volksbücher ;</subfield>
            <subfield code="v">Nr. 4 u. 5</subfield>
            <subfield code="5">FTaSU</subfield>
        </datafield>
        <datafield tag="500" ind1=" " ind2=" ">
            <subfield code="a">Author's name on p. [3].</subfield>
            <subfield code="5">FTaSU</subfield>
        </datafield>
        <datafield tag="500" ind1=" " ind2=" ">
            <subfield code="a">From v. 1 (S. 48-335) of author's autobiography--p.4.</subfield>
            <subfield code="5">FTaSU</subfield>
        </datafield>
        <datafield tag="500" ind1=" " ind2=" ">
            <subfield code="a">Introduction signed: Hans Rieder.</subfield>
            <subfield code="5">FTaSU</subfield>
        </datafield>
        <datafield tag="600" ind1="1" ind2="0">
            <subfield code="a">Schnierer, Johann,</subfield>
            <subfield code="d">1790-</subfield>
        </datafield>
        <datafield tag="650" ind1=" " ind2="0">
            <subfield code="a">Napoleonic Wars, 1800-1815</subfield>
            <subfield code="x">Personal narratives, Austrian.</subfield>
        </datafield>
        <datafield tag="651" ind1=" " ind2="0">
            <subfield code="a">Austria</subfield>
            <subfield code="x">History, Military.</subfield>
        </datafield>
        <datafield tag="700" ind1="1" ind2=" ">
            <subfield code="a">Rieder, Hans.</subfield>
        </datafield>
        <datafield tag="830" ind1=" " ind2="0">
            <subfield code="a">Innviertler Volksbücher ;</subfield>
            <subfield code="v">Nr. 4-5.</subfield>
        </datafield>
        <datafield tag="852" ind1="0" ind2=" ">
            <subfield code="a">FTaSU</subfield>
            <subfield code="b">FSUSP</subfield>
            <subfield code="c">NAP</subfield>
            <subfield code="h">DC226.5</subfield>
            <subfield code="i">.S36</subfield>
        </datafield>
        <datafield tag="852" ind1="0" ind2=" ">
            <subfield code="a">FTaSU</subfield>
            <subfield code="b">FSUSP</subfield>
            <subfield code="c">NAP</subfield>
            <subfield code="h">DC226.5</subfield>
            <subfield code="i">.S36</subfield>
        </datafield>
        <datafield tag="951" ind1=" " ind2=" ">
            <subfield code="1">05</subfield>
            <subfield code="a">FSU01:001284992;</subfield>
            <subfield code="5">FTaSU</subfield>
        </datafield>
        <datafield tag="999" ind1=" " ind2=" ">
            <subfield code="a">AHG7339001</subfield>
        </datafield>
    </record>