
    <record>
        <leader>01519nam a2200325 a 4500</leader>
        <controlfield tag="001">028041822</controlfield>
        <controlfield tag="004">FSAHG7343001</controlfield>
        <controlfield tag="005">20120623050200.0</controlfield>
        <controlfield tag="008">920915s1913 fr 000|0 fre d</controlfield>
        <datafield tag="035" ind1=" " ind2=" ">
            <subfield code="a">(OCoLC)28295867</subfield>
        </datafield>
        <datafield tag="040" ind1=" " ind2=" ">
            <subfield code="a">FDA</subfield>
            <subfield code="c">FDA</subfield>
        </datafield>
        <datafield tag="090" ind1=" " ind2=" ">
            <subfield code="a">NK550.F8</subfield>
            <subfield code="b">B37 1913</subfield>
        </datafield>
        <datafield tag="100" ind1="1" ind2=" ">
            <subfield code="a">Basily-Callimaki, E. de,</subfield>
            <subfield code="c">Madame.</subfield>
        </datafield>
        <datafield tag="245" ind1="1" ind2="0">
            <subfield code="a">Catalogue des tableaux anciens et modernes, dessins, gouaches,
                estampes, importante sépia, par J.-B. Isabey, faiences et porcelaines, objets d'art
                ... /</subfield>
            <subfield code="c">commissaire-priseur, Me. F. Lair-Dubreuil ; experts, MM. Paulme &amp;
                B. Lasquin fils, M. Jules Meynial.</subfield>
        </datafield>
        <datafield tag="260" ind1=" " ind2=" ">
            <subfield code="a">Paris :</subfield>
            <subfield code="b">Imp. de l'Art, Ch. Berger,</subfield>
            <subfield code="c">1913.</subfield>
        </datafield>
        <datafield tag="300" ind1=" " ind2=" ">
            <subfield code="a">53 p., [6] leaves of plates :</subfield>
            <subfield code="b">ill. ;</subfield>
            <subfield code="c">28 cm.</subfield>
        </datafield>
        <datafield tag="500" ind1=" " ind2=" ">
            <subfield code="a">Half title: Succession de Madame de Basily-Callimaki.</subfield>
            <subfield code="5">FTaSU</subfield>
        </datafield>
        <datafield tag="500" ind1=" " ind2=" ">
            <subfield code="a">Spine title: Succession de Mme. de Basily-Callimaki.</subfield>
            <subfield code="5">FTaSU</subfield>
        </datafield>
        <datafield tag="500" ind1=" " ind2=" ">
            <subfield code="a">&quot;Exposition publique le Mardi 11 Novembre 1913 ...
                .&quot;</subfield>
            <subfield code="5">FTaSU</subfield>
        </datafield>
        <datafield tag="500" ind1=" " ind2=" ">
            <subfield code="a">Illustrations have guard sheets.</subfield>
            <subfield code="5">FTaSU</subfield>
        </datafield>
        <datafield tag="590" ind1=" " ind2=" ">
            <subfield code="a">Bookplate: Ex-libris Marcel Dunan.</subfield>
            <subfield code="5">FTaSU</subfield>
        </datafield>
        <datafield tag="600" ind1="1" ind2="0">
            <subfield code="a">Basily-Callimaki, E. de,</subfield>
            <subfield code="c">Madame</subfield>
            <subfield code="x">Art collections</subfield>
            <subfield code="x">Catalogs.</subfield>
        </datafield>
        <datafield tag="650" ind1=" " ind2="0">
            <subfield code="a">Art objects</subfield>
            <subfield code="x">Private collections</subfield>
            <subfield code="z">France</subfield>
            <subfield code="z">Paris</subfield>
            <subfield code="v">Catalogs.</subfield>
        </datafield>
        <datafield tag="650" ind1=" " ind2="0">
            <subfield code="a">Art auctions</subfield>
            <subfield code="v">Catalogs.</subfield>
        </datafield>
        <datafield tag="740" ind1="0" ind2=" ">
            <subfield code="a">Succession de Madame de Basily-Callimaki.</subfield>
        </datafield>
        <datafield tag="740" ind1="0" ind2=" ">
            <subfield code="a">Succession de Mme. de Basily-Callimaki.</subfield>
        </datafield>
        <datafield tag="852" ind1="0" ind2=" ">
            <subfield code="a">FTaSU</subfield>
            <subfield code="b">FSUSP</subfield>
            <subfield code="c">NAP</subfield>
            <subfield code="h">NK550.F8</subfield>
            <subfield code="i">B37 1913</subfield>
        </datafield>
        <datafield tag="852" ind1="0" ind2=" ">
            <subfield code="a">FTaSU</subfield>
            <subfield code="b">FSUSP</subfield>
            <subfield code="c">NAP</subfield>
            <subfield code="h">NK550.F8</subfield>
            <subfield code="i">B37 1913</subfield>
        </datafield>
        <datafield tag="951" ind1=" " ind2=" ">
            <subfield code="1">05</subfield>
            <subfield code="a">FSU01:001284996;</subfield>
            <subfield code="5">FTaSU</subfield>
        </datafield>
        <datafield tag="999" ind1=" " ind2=" ">
            <subfield code="a">AHG7343001</subfield>
        </datafield>
    </record>