
    <record>
        <leader>01624nam a2200337 a 4500</leader>
        <controlfield tag="001">028042061</controlfield>
        <controlfield tag="004">FSAHG7356001</controlfield>
        <controlfield tag="005">20110722115559.0</controlfield>
        <controlfield tag="008">920915m18921896gw 000|0 ger d</controlfield>
        <datafield tag="035" ind1=" " ind2=" ">
            <subfield code="a">(OCoLC)28295651</subfield>
        </datafield>
        <datafield tag="040" ind1=" " ind2=" ">
            <subfield code="a">FDA</subfield>
            <subfield code="c">FDA</subfield>
        </datafield>
        <datafield tag="090" ind1=" " ind2=" ">
            <subfield code="a">DC234</subfield>
            <subfield code="b">.V37 1892</subfield>
        </datafield>
        <datafield tag="100" ind1="1" ind2=" ">
            <subfield code="a">Varges, Willi.</subfield>
        </datafield>
        <datafield tag="245" ind1="1" ind2="4">
            <subfield code="a">Die Theilnahme des Kurfürsten Wilhelm I. von Hessen am
                oesterreichischen Kriege 1809 /</subfield>
            <subfield code="c">von Willi Varges ; Der Marburger Aufstand des Jahres 1809 / von Willi
                Varges ; Die kurhessische Legion im Jahre 1809 / von W. Varges.</subfield>
        </datafield>
        <datafield tag="260" ind1=" " ind2=" ">
            <subfield code="a">[Kassel :</subfield>
            <subfield code="b">A. Freyschmidt,</subfield>
            <subfield code="c">1892-1896].</subfield>
        </datafield>
        <datafield tag="300" ind1=" " ind2=" ">
            <subfield code="a">1 v. (various pagings) ;</subfield>
            <subfield code="c">22 cm.</subfield>
        </datafield>
        <datafield tag="500" ind1=" " ind2=" ">
            <subfield code="a">Caption titles.</subfield>
            <subfield code="5">FTaSU</subfield>
        </datafield>
        <datafield tag="504" ind1=" " ind2=" ">
            <subfield code="a">Includes bibliographical references.</subfield>
        </datafield>
        <datafield tag="500" ind1=" " ind2=" ">
            <subfield code="a">Three articles detached and bound together from Zeitschrift des
                Vereins für hessische Geschichte und Landeskunde.</subfield>
            <subfield code="5">FTaSU</subfield>
        </datafield>
        <datafield tag="500" ind1=" " ind2=" ">
            <subfield code="a">Imprint from periodical cover with 3rd article; also from handwritten
                date (1892) and name of periodical on first p. of second article.</subfield>
            <subfield code="5">FTaSU</subfield>
        </datafield>
        <datafield tag="600" ind1="0" ind2="0">
            <subfield code="a">Wilhelm</subfield>
            <subfield code="b">I,</subfield>
            <subfield code="c">Elector of Hesse-Kassel,</subfield>
            <subfield code="d">1743-1821.</subfield>
        </datafield>
        <datafield tag="650" ind1=" " ind2="0">
            <subfield code="a">Napoleonic Wars, 1800-1815</subfield>
            <subfield code="x">Campaigns</subfield>
            <subfield code="z">Austria.</subfield>
        </datafield>
        <datafield tag="650" ind1=" " ind2="0">
            <subfield code="a">Napoleonic Wars, 1800-1815</subfield>
            <subfield code="x">Campaigns</subfield>
            <subfield code="z">Germany.</subfield>
        </datafield>
        <datafield tag="700" ind1="1" ind2="2">
            <subfield code="a">Vargas, Willi.</subfield>
            <subfield code="t">Marburger Aufstand des Jahres 1809.</subfield>
        </datafield>
        <datafield tag="700" ind1="1" ind2="2">
            <subfield code="a">Vargas, Willi.</subfield>
            <subfield code="t">Kurhessische Legion im Jahre 1809.</subfield>
        </datafield>
        <datafield tag="740" ind1="4" ind2=" ">
            <subfield code="a">Der Marburger Aufstand des Jahres 1809.</subfield>
        </datafield>
        <datafield tag="740" ind1="4" ind2=" ">
            <subfield code="a">Die kurhessische Legion im Jahre 1809.</subfield>
        </datafield>
        <datafield tag="852" ind1="0" ind2=" ">
            <subfield code="a">FTaSU</subfield>
            <subfield code="b">FSUSP</subfield>
            <subfield code="c">NAP</subfield>
            <subfield code="h">DC234</subfield>
            <subfield code="i">.V37 1892</subfield>
        </datafield>
        <datafield tag="852" ind1="0" ind2=" ">
            <subfield code="a">FTaSU</subfield>
            <subfield code="b">FSUSP</subfield>
            <subfield code="c">NAP</subfield>
            <subfield code="h">DC234</subfield>
            <subfield code="i">.V37 1892</subfield>
        </datafield>
        <datafield tag="951" ind1=" " ind2=" ">
            <subfield code="1">05</subfield>
            <subfield code="a">FSU01:001285009;</subfield>
            <subfield code="5">FTaSU</subfield>
        </datafield>
        <datafield tag="999" ind1=" " ind2=" ">
            <subfield code="a">AHG7356001</subfield>
        </datafield>
    </record>