
    <record>
        <leader>00982nam a2200265 a 4500</leader>
        <controlfield tag="001">028042129</controlfield>
        <controlfield tag="004">FSAHG7360001</controlfield>
        <controlfield tag="005">20120623050200.0</controlfield>
        <controlfield tag="008">920915s1783 gw 000|0 ger d</controlfield>
        <datafield tag="035" ind1=" " ind2=" ">
            <subfield code="a">(OCoLC)28295234</subfield>
        </datafield>
        <datafield tag="040" ind1=" " ind2=" ">
            <subfield code="a">FDA</subfield>
            <subfield code="c">FDA</subfield>
        </datafield>
        <datafield tag="090" ind1=" " ind2=" ">
            <subfield code="a">DD901.M87</subfield>
            <subfield code="b">W47</subfield>
        </datafield>
        <datafield tag="100" ind1="1" ind2=" ">
            <subfield code="a">Westenrieder, Lorenz von,</subfield>
            <subfield code="d">1748-1829.</subfield>
        </datafield>
        <datafield tag="245" ind1="1" ind2="0">
            <subfield code="a">Beschreibung der Haupt- und Residenzstadt München (im gegenwärtigen
                Zustande) /</subfield>
            <subfield code="c">vom Professor Westenrieder.</subfield>
        </datafield>
        <datafield tag="260" ind1=" " ind2=" ">
            <subfield code="a">München :</subfield>
            <subfield code="b">Johann Baptist Strobl,</subfield>
            <subfield code="c">1783.</subfield>
        </datafield>
        <datafield tag="300" ind1=" " ind2=" ">
            <subfield code="a">5, [9], 429 p., [1] leaf of plates (folded) :</subfield>
            <subfield code="b">ill. ;</subfield>
            <subfield code="c">19 cm.</subfield>
        </datafield>
        <datafield tag="500" ind1=" " ind2=" ">
            <subfield code="a">Spine title: Beschreibung von München.</subfield>
            <subfield code="5">FTaSU</subfield>
        </datafield>
        <datafield tag="500" ind1=" " ind2=" ">
            <subfield code="a">Head and tailpieces.</subfield>
            <subfield code="5">FTaSU</subfield>
        </datafield>
        <datafield tag="651" ind1=" " ind2="0">
            <subfield code="a">Munich (Germany)</subfield>
            <subfield code="x">Description and travel.</subfield>
        </datafield>
        <datafield tag="651" ind1=" " ind2="0">
            <subfield code="a">Munich (Germany)</subfield>
            <subfield code="x">History.</subfield>
        </datafield>
        <datafield tag="740" ind1="0" ind2=" ">
            <subfield code="a">Beschreibung von München.</subfield>
        </datafield>
        <datafield tag="852" ind1="0" ind2=" ">
            <subfield code="a">FTaSU</subfield>
            <subfield code="b">FSUSP</subfield>
            <subfield code="c">NAP</subfield>
            <subfield code="h">DD901.M87</subfield>
            <subfield code="i">W47</subfield>
        </datafield>
        <datafield tag="852" ind1="0" ind2=" ">
            <subfield code="a">FTaSU</subfield>
            <subfield code="b">FSUSP</subfield>
            <subfield code="c">NAP</subfield>
            <subfield code="h">DD901.M87</subfield>
            <subfield code="i">W47</subfield>
        </datafield>
        <datafield tag="951" ind1=" " ind2=" ">
            <subfield code="1">05</subfield>
            <subfield code="a">FSU01:001285013;</subfield>
            <subfield code="5">FTaSU</subfield>
        </datafield>
        <datafield tag="999" ind1=" " ind2=" ">
            <subfield code="a">AHG7360001</subfield>
        </datafield>
    </record>