
    <record>
        <leader>01252nam a2200277M 4500</leader>
        <controlfield tag="001">028044871</controlfield>
        <controlfield tag="004">FSAHG7526001</controlfield>
        <controlfield tag="005">20120623050200.0</controlfield>
        <controlfield tag="008">850903s1787 gw af 000|0 ger d</controlfield>
        <datafield tag="035" ind1=" " ind2=" ">
            <subfield code="a">(OCoLC)23633579</subfield>
        </datafield>
        <datafield tag="040" ind1=" " ind2=" ">
            <subfield code="a">EYM</subfield>
            <subfield code="c">EYM</subfield>
            <subfield code="d">m.c.</subfield>
        </datafield>
        <datafield tag="090" ind1=" " ind2=" ">
            <subfield code="a">DD801.A85</subfield>
            <subfield code="b">F57</subfield>
        </datafield>
        <datafield tag="100" ind1="1" ind2=" ">
            <subfield code="a">Fischer, Johann Bernhard,</subfield>
            <subfield code="d">1756-1813.</subfield>
        </datafield>
        <datafield tag="245" ind1="1" ind2="0">
            <subfield code="a">Statistische und topographische Beschreibung des Burggraftums
                Nürnberg, unterhalb des Gebürgs;</subfield>
            <subfield code="b">oder des Fürstentums Bradenburg-Anspach ...</subfield>
            <subfield code="c">Hrsg. von Johann Bernhard Fischer.</subfield>
        </datafield>
        <datafield tag="260" ind1=" " ind2=" ">
            <subfield code="a">Anspach,</subfield>
            <subfield code="b">Bey dem Verfasser,</subfield>
            <subfield code="c">1787.</subfield>
        </datafield>
        <datafield tag="300" ind1=" " ind2=" ">
            <subfield code="a">2 v.</subfield>
            <subfield code="b">fronts., illus., plates, fold. tables.</subfield>
            <subfield code="c">18 cm.</subfield>
        </datafield>
        <datafield tag="500" ind1=" " ind2=" ">
            <subfield code="a">Spine title: Statist-topograph. Beschreibung des Fürstentums
                Anspach.</subfield>
            <subfield code="5">FTaSU</subfield>
        </datafield>
        <datafield tag="651" ind1=" " ind2="0">
            <subfield code="a">Brandenburg-Ansbach (Margraviate)</subfield>
            <subfield code="x">Description and travel.</subfield>
        </datafield>
        <datafield tag="651" ind1=" " ind2="0">
            <subfield code="a">Brandenburg-Ansbach (Margraviate)</subfield>
            <subfield code="x">Statistics.</subfield>
        </datafield>
        <datafield tag="740" ind1="0" ind2=" ">
            <subfield code="a">Statist-topograph. Beschreibung des Fürstentums Anspach.</subfield>
        </datafield>
        <datafield tag="852" ind1="0" ind2=" ">
            <subfield code="a">FTaSU</subfield>
            <subfield code="b">FSUSP</subfield>
            <subfield code="c">NAP</subfield>
            <subfield code="h">DD801.A85</subfield>
            <subfield code="i">F57</subfield>
        </datafield>
        <datafield tag="866" ind1="3" ind2="1">
            <subfield code="b">FSU STROZIER, Special Coll</subfield>
            <subfield code="c">Napoleon</subfield>
            <subfield code="h">DD801.A85</subfield>
            <subfield code="i">F57</subfield>
            <subfield code="8">0</subfield>
            <subfield code="a">1.T.</subfield>
        </datafield>
        <datafield tag="866" ind1="3" ind2="1">
            <subfield code="b">FSU STROZIER, Special Coll</subfield>
            <subfield code="c">Napoleon</subfield>
            <subfield code="h">DD801.A85</subfield>
            <subfield code="i">F57</subfield>
            <subfield code="8">0</subfield>
            <subfield code="a">2.T.</subfield>
        </datafield>
        <datafield tag="852" ind1="0" ind2=" ">
            <subfield code="a">FTaSU</subfield>
            <subfield code="b">FSUSP</subfield>
            <subfield code="c">NAP</subfield>
            <subfield code="h">DD801.A85</subfield>
            <subfield code="i">F57</subfield>
        </datafield>
        <datafield tag="951" ind1=" " ind2=" ">
            <subfield code="1">05</subfield>
            <subfield code="a">FSU01:001285173;</subfield>
            <subfield code="5">FTaSU</subfield>
        </datafield>
        <datafield tag="999" ind1=" " ind2=" ">
            <subfield code="a">AHG7526001</subfield>
        </datafield>
    </record>