
    <record>
        <leader>01898cam a2200325K 4500</leader>
        <controlfield tag="001">028169590</controlfield>
        <controlfield tag="004">FSADL3533001</controlfield>
        <controlfield tag="005">20071016105153.0</controlfield>
        <controlfield tag="008">830919s1816 fr b 000|0 fre d</controlfield>
        <datafield tag="019" ind1=" " ind2=" ">
            <subfield code="a">9924517</subfield>
        </datafield>
        <datafield tag="035" ind1=" " ind2=" ">
            <subfield code="a">(OCoLC)43295536</subfield>
        </datafield>
        <datafield tag="040" ind1=" " ind2=" ">
            <subfield code="a">BOS</subfield>
            <subfield code="c">BOS</subfield>
            <subfield code="d">SER</subfield>
            <subfield code="d">FDA</subfield>
        </datafield>
        <datafield tag="090" ind1=" " ind2=" ">
            <subfield code="a">DC146.M34</subfield>
            <subfield code="b">S42</subfield>
        </datafield>
        <datafield tag="100" ind1="1" ind2=" ">
            <subfield code="a">Masséna, André,</subfield>
            <subfield code="c">prince d'Essling,</subfield>
            <subfield code="d">1758-1817.</subfield>
        </datafield>
        <datafield tag="245" ind1="1" ind2="0">
            <subfield code="a">Mémoire de M. le maréchal Masséna ... sur les événemens qui ont eu
                lieu en Provence :</subfield>
            <subfield code="b">pendant les mois de mars et d'avril 1815 : suivi de pièces
                justificatives, et d'une carte géographique.</subfield>
        </datafield>
        <datafield tag="260" ind1=" " ind2=" ">
            <subfield code="a">Paris,</subfield>
            <subfield code="b">Delaunay,</subfield>
            <subfield code="c">1816.</subfield>
        </datafield>
        <datafield tag="300" ind1=" " ind2=" ">
            <subfield code="a">89 p.</subfield>
            <subfield code="b">map (folded)</subfield>
            <subfield code="c">22 cm.</subfield>
        </datafield>
        <datafield tag="500" ind1=" " ind2=" ">
            <subfield code="a">Spine title: Brochures sur Massena.</subfield>
            <subfield code="5">FTaSU</subfield>
        </datafield>
        <datafield tag="500" ind1=" " ind2=" ">
            <subfield code="a">Signed on p. 56: Prince d'Essling Masséna.</subfield>
            <subfield code="5">FTaSU</subfield>
        </datafield>
        <datafield tag="500" ind1=" " ind2=" ">
            <subfield code="a">&quot;Pièces justificatives&quot; are 22 documents dated 1815 and
                signed by various persons.</subfield>
            <subfield code="5">FTaSU</subfield>
        </datafield>
        <datafield tag="504" ind1=" " ind2=" ">
            <subfield code="a">Includes bibliographical references.</subfield>
        </datafield>
        <datafield tag="590" ind1=" " ind2=" ">
            <subfield code="a">Bound with: Lettre d'un Marseillais au Maréchal Masséna.Marseille
                :Chez A. Ricard, imprimeur,[1816]--- Mémoire de M. le maréchal Masséna.[Marseille]
                :Chez A. Ricard, imprimeur,1816--- Réponse des Marseillais au Mémoire prétendu
                justificatif de Mr. le maréchal Masséna.Marseille :De l'Imprimerie de Dubié,
                libraire,1816--- Seconde et dernière massénaire :servant de réplique au Mémoire
                justificatif du prince d'Essling, maréchal Masséna.Marseille :Chez A. Ricard,
                imprimeur,1816.</subfield>
            <subfield code="5">FTaSU</subfield>
        </datafield>
        <datafield tag="600" ind1="0" ind2="0">
            <subfield code="a">Napoleon</subfield>
            <subfield code="b">I,</subfield>
            <subfield code="c">Emperor of the French,</subfield>
            <subfield code="d">1769-1821</subfield>
            <subfield code="x">Elba and the Hundred Days, 1814-1815.</subfield>
        </datafield>
        <datafield tag="600" ind1="1" ind2="0">
            <subfield code="a">Massena, André,</subfield>
            <subfield code="c">prince d'Essling,</subfield>
            <subfield code="d">1758-1817.</subfield>
        </datafield>
        <datafield tag="651" ind1=" " ind2="0">
            <subfield code="a">France</subfield>
            <subfield code="x">History</subfield>
            <subfield code="y">Restoration, 1814-1830.</subfield>
        </datafield>
        <datafield tag="740" ind1="0" ind2=" ">
            <subfield code="a">Brochures sur Massena.</subfield>
        </datafield>
        <datafield tag="852" ind1="0" ind2=" ">
            <subfield code="a">FTaSU</subfield>
            <subfield code="b">FSUSP</subfield>
            <subfield code="c">NAP</subfield>
            <subfield code="h">DC146.M34</subfield>
            <subfield code="i">S42</subfield>
            <subfield code="x">bd.with</subfield>
        </datafield>
        <datafield tag="852" ind1="0" ind2=" ">
            <subfield code="a">FTaSU</subfield>
            <subfield code="b">FSUSP</subfield>
            <subfield code="c">NAP</subfield>
            <subfield code="h">DC146.M34</subfield>
            <subfield code="i">S42</subfield>
            <subfield code="x">bd.with</subfield>
        </datafield>
        <datafield tag="951" ind1=" " ind2=" ">
            <subfield code="1">05</subfield>
            <subfield code="a">FSU01:000784293;</subfield>
            <subfield code="5">FTaSU</subfield>
        </datafield>
        <datafield tag="999" ind1=" " ind2=" ">
            <subfield code="a">ADL3533001</subfield>
        </datafield>
    </record>