
    <record>
        <leader>01291cam a22003131 4500</leader>
        <controlfield tag="001">028233558</controlfield>
        <controlfield tag="004">FSABM2540001</controlfield>
        <controlfield tag="005">20121219165242.0</controlfield>
        <controlfield tag="008">771208s1951 fr 000 0 fre </controlfield>
        <datafield tag="010" ind1=" " ind2=" ">
            <subfield code="a">52067608</subfield>
        </datafield>
        <datafield tag="016" ind1="7" ind2=" ">
            <subfield code="a">001429710</subfield>
            <subfield code="2">Uk</subfield>
        </datafield>
        <datafield tag="035" ind1=" " ind2=" ">
            <subfield code="a">(OCoLC)03472227</subfield>
        </datafield>
        <datafield tag="040" ind1=" " ind2=" ">
            <subfield code="a">DLC</subfield>
            <subfield code="b">eng</subfield>
            <subfield code="c">VRC</subfield>
            <subfield code="d">DLC</subfield>
            <subfield code="d">EYM</subfield>
            <subfield code="d">UKMGB</subfield>
            <subfield code="d">FDA</subfield>
        </datafield>
        <datafield tag="042" ind1=" " ind2=" ">
            <subfield code="a">premarc</subfield>
        </datafield>
        <datafield tag="043" ind1=" " ind2=" ">
            <subfield code="a">e-fr---</subfield>
        </datafield>
        <datafield tag="049" ind1=" " ind2=" ">
            <subfield code="a">FDAA</subfield>
        </datafield>
        <datafield tag="050" ind1="0" ind2="0">
            <subfield code="a">DC146.G39</subfield>
            <subfield code="b">A3</subfield>
        </datafield>
        <datafield tag="082" ind1=" " ind2=" ">
            <subfield code="a">944.04</subfield>
        </datafield>
        <datafield tag="100" ind1="1" ind2=" ">
            <subfield code="a">Girard, Étienne François,</subfield>
            <subfield code="d">1766-1846.</subfield>
        </datafield>
        <datafield tag="245" ind1="1" ind2="4">
            <subfield code="a">Les cahiers du Colonel Girard, 1766-1846 :</subfield>
            <subfield code="b">publiés d'après le manuscrit original /</subfield>
            <subfield code="c">par Paul Desachy.</subfield>
        </datafield>
        <datafield tag="260" ind1=" " ind2=" ">
            <subfield code="a">Paris :</subfield>
            <subfield code="b">Plon,</subfield>
            <subfield code="c">[1951]</subfield>
        </datafield>
        <datafield tag="300" ind1=" " ind2=" ">
            <subfield code="a">320 p. ;</subfield>
            <subfield code="c">23 cm.</subfield>
        </datafield>
        <datafield tag="651" ind1=" " ind2="0">
            <subfield code="a">France</subfield>
            <subfield code="x">History</subfield>
            <subfield code="y">Revolution, 1789-1799</subfield>
            <subfield code="v">Personal narratives.</subfield>
        </datafield>
        <datafield tag="776" ind1="0" ind2="8">
            <subfield code="i">Online version:</subfield>
            <subfield code="a">Girard, Étienne François, 1786-1846.</subfield>
            <subfield code="t">Cahiers du Colonel Girard, 1766-1846, publiés d'après le manuscrit
                original.</subfield>
            <subfield code="d">Paris, Plon [1951]</subfield>
            <subfield code="w">(OCoLC)561996560</subfield>
        </datafield>
        <datafield tag="776" ind1="0" ind2="8">
            <subfield code="i">Online version:</subfield>
            <subfield code="a">Girard, Étienne François, 1786-1846.</subfield>
            <subfield code="t">Cahiers du Colonel Girard, 1766-1846, publiés d'après le manuscrit
                original.</subfield>
            <subfield code="d">Paris, Plon [1951]</subfield>
            <subfield code="w">(OCoLC)607846179</subfield>
        </datafield>
        <datafield tag="852" ind1="0" ind2=" ">
            <subfield code="a">FTaSU</subfield>
            <subfield code="b">FSULC</subfield>
            <subfield code="c">SUB</subfield>
            <subfield code="h">DC146.G39</subfield>
            <subfield code="i">A3</subfield>
        </datafield>
        <datafield tag="852" ind1="0" ind2=" ">
            <subfield code="a">FTaSU</subfield>
            <subfield code="b">FSULC</subfield>
            <subfield code="c">SUB</subfield>
            <subfield code="h">DC146.G39</subfield>
            <subfield code="i">A3</subfield>
        </datafield>
        <datafield tag="951" ind1=" " ind2=" ">
            <subfield code="1">05</subfield>
            <subfield code="a">FSU01:000342524;</subfield>
            <subfield code="5">FTaSU</subfield>
        </datafield>
        <datafield tag="999" ind1=" " ind2=" ">
            <subfield code="a">ABM2540001</subfield>
        </datafield>
    </record>