
    <record>
        <leader>00884nam a2200265K 4500</leader>
        <controlfield tag="001">028290642</controlfield>
        <controlfield tag="004">FSADM0314001</controlfield>
        <controlfield tag="005">20120623052400.0</controlfield>
        <controlfield tag="008">801229s1888 fr 000|0bfre d</controlfield>
        <datafield tag="035" ind1=" " ind2=" ">
            <subfield code="a">(OCoLC)07037442</subfield>
        </datafield>
        <datafield tag="040" ind1=" " ind2=" ">
            <subfield code="a">CLE</subfield>
            <subfield code="c">CLE</subfield>
            <subfield code="d">FDA</subfield>
        </datafield>
        <datafield tag="090" ind1=" " ind2=" ">
            <subfield code="a">DC146.H7</subfield>
            <subfield code="b">D87</subfield>
        </datafield>
        <datafield tag="092" ind1=" " ind2=" ">
            <subfield code="a">B</subfield>
            <subfield code="a">H655d</subfield>
        </datafield>
        <datafield tag="100" ind1="1" ind2=" ">
            <subfield code="a">Dutemple, Edmond.</subfield>
        </datafield>
        <datafield tag="245" ind1="1" ind2="0">
            <subfield code="a">Vie du Général Hoche</subfield>
            <subfield code="c">[par] Edmond Dutemple et Louis Launay. Précédée du Discours de Léon
                Gambetta prononcé à Versailles le 24 juin 1872.</subfield>
        </datafield>
        <datafield tag="260" ind1=" " ind2=" ">
            <subfield code="a">Paris,</subfield>
            <subfield code="b">C. Bayle,</subfield>
            <subfield code="c">1888.</subfield>
        </datafield>
        <datafield tag="300" ind1=" " ind2=" ">
            <subfield code="a">216 p.</subfield>
        </datafield>
        <datafield tag="490" ind1="0" ind2=" ">
            <subfield code="a">Petite bibliothèque populaire</subfield>
            <subfield code="5">FTaSU</subfield>
        </datafield>
        <datafield tag="600" ind1="1" ind2="0">
            <subfield code="a">Hoche, Lazare,</subfield>
            <subfield code="d">1768-1797.</subfield>
        </datafield>
        <datafield tag="700" ind1="1" ind2=" ">
            <subfield code="a">Launey, Louis de,</subfield>
            <subfield code="d">1860-</subfield>
        </datafield>
        <datafield tag="700" ind1="1" ind2=" ">
            <subfield code="a">Gambetta, Léon,</subfield>
            <subfield code="d">1838-1882.</subfield>
        </datafield>
        <datafield tag="852" ind1="0" ind2=" ">
            <subfield code="a">FTaSU</subfield>
            <subfield code="b">FSUSP</subfield>
            <subfield code="c">NAP</subfield>
            <subfield code="h">DC146.H7</subfield>
            <subfield code="i">D87</subfield>
        </datafield>
        <datafield tag="852" ind1="0" ind2=" ">
            <subfield code="a">FTaSU</subfield>
            <subfield code="b">FSUSP</subfield>
            <subfield code="c">NAP</subfield>
            <subfield code="h">DC146.H7</subfield>
            <subfield code="i">D87</subfield>
        </datafield>
        <datafield tag="951" ind1=" " ind2=" ">
            <subfield code="1">05</subfield>
            <subfield code="a">FSU01:000790766;</subfield>
            <subfield code="5">FTaSU</subfield>
        </datafield>
        <datafield tag="999" ind1=" " ind2=" ">
            <subfield code="a">ADM0314001</subfield>
        </datafield>
    </record>