
    <record>
        <leader>00812nam a2200241K 4500</leader>
        <controlfield tag="001">028300242</controlfield>
        <controlfield tag="004">FSADM0871001</controlfield>
        <controlfield tag="005">20120623052500.0</controlfield>
        <controlfield tag="008">851004m18301832enk 000|0beng d</controlfield>
        <datafield tag="019" ind1=" " ind2=" ">
            <subfield code="a">12636248</subfield>
        </datafield>
        <datafield tag="035" ind1=" " ind2=" ">
            <subfield code="a">(OCoLC)71655367</subfield>
        </datafield>
        <datafield tag="040" ind1=" " ind2=" ">
            <subfield code="a">DRB</subfield>
            <subfield code="c">DRB</subfield>
            <subfield code="d">FDA</subfield>
        </datafield>
        <datafield tag="090" ind1=" " ind2=" ">
            <subfield code="a">DA68.12.W4</subfield>
            <subfield code="b">S5</subfield>
        </datafield>
        <datafield tag="100" ind1="1" ind2=" ">
            <subfield code="a">Sherer, Moyle,</subfield>
            <subfield code="d">1789-1869.</subfield>
        </datafield>
        <datafield tag="245" ind1="1" ind2="0">
            <subfield code="a">Military memoirs of Field Marshal, the Duke of Wellington,</subfield>
            <subfield code="c">by Captain Moyle Sherer.</subfield>
        </datafield>
        <datafield tag="260" ind1=" " ind2=" ">
            <subfield code="a">London,</subfield>
            <subfield code="b">Longman, Rees, Orme, Brown &amp; Green,</subfield>
            <subfield code="c">1830.</subfield>
        </datafield>
        <datafield tag="300" ind1=" " ind2=" ">
            <subfield code="a">2 v. in 1.</subfield>
            <subfield code="b">illus.</subfield>
        </datafield>
        <datafield tag="490" ind1="0" ind2=" ">
            <subfield code="a">Dr. Lardner's cabinet library</subfield>
            <subfield code="5">FTaSU</subfield>
        </datafield>
        <datafield tag="600" ind1="1" ind2="0">
            <subfield code="a">Wellington, Arthur Wellesley,</subfield>
            <subfield code="c">Duke of,</subfield>
            <subfield code="d">1769-1852.</subfield>
        </datafield>
        <datafield tag="852" ind1="0" ind2=" ">
            <subfield code="a">FTaSU</subfield>
            <subfield code="b">FSUSP</subfield>
            <subfield code="c">NAP</subfield>
            <subfield code="h">DA68.12.W4</subfield>
            <subfield code="i">S5</subfield>
        </datafield>
        <datafield tag="852" ind1="0" ind2=" ">
            <subfield code="a">FTaSU</subfield>
            <subfield code="b">FSUSP</subfield>
            <subfield code="c">NAP</subfield>
            <subfield code="h">DA68.12.W4</subfield>
            <subfield code="i">S5</subfield>
        </datafield>
        <datafield tag="951" ind1=" " ind2=" ">
            <subfield code="1">05</subfield>
            <subfield code="a">FSU01:000791310;</subfield>
            <subfield code="5">FTaSU</subfield>
        </datafield>
        <datafield tag="999" ind1=" " ind2=" ">
            <subfield code="a">ADM0871001</subfield>
        </datafield>
    </record>