
    <record>
        <leader>01060cam a2200241I 4500</leader>
        <controlfield tag="001">028300791</controlfield>
        <controlfield tag="004">FSABM6580001</controlfield>
        <controlfield tag="005">20120623052500.0</controlfield>
        <controlfield tag="008">780111s1858 fr 000|0 frem </controlfield>
        <datafield tag="010" ind1=" " ind2=" ">
            <subfield code="a"> 15025301 </subfield>
        </datafield>
        <datafield tag="035" ind1=" " ind2=" ">
            <subfield code="a">(OCoLC)03551891</subfield>
        </datafield>
        <datafield tag="040" ind1=" " ind2=" ">
            <subfield code="a">DLC</subfield>
            <subfield code="c">YWM</subfield>
            <subfield code="d">YWM</subfield>
            <subfield code="d">FDA</subfield>
        </datafield>
        <datafield tag="050" ind1="0" ind2=" ">
            <subfield code="a">DC198.M4</subfield>
            <subfield code="b">R3</subfield>
        </datafield>
        <datafield tag="100" ind1="1" ind2=" ">
            <subfield code="a">Rapetti, Louis Nicolas,</subfield>
            <subfield code="d">1812-1885.</subfield>
        </datafield>
        <datafield tag="245" ind1="1" ind2="3">
            <subfield code="a">La défection de Marmont en 1814,</subfield>
            <subfield code="b">ouvrage suivi d'un grand nombre de documents inédits ou peu connus,
                d'un précis des judgements de Napoléon 1er sur le maréchal Marmont, d'une notice
                bibliographique avec extraits de tous les ouvrages publiés sur le même
                sujet.</subfield>
        </datafield>
        <datafield tag="260" ind1=" " ind2=" ">
            <subfield code="a">Paris,</subfield>
            <subfield code="b">Poulet-Malassis et De Broise,</subfield>
            <subfield code="c">1858.</subfield>
        </datafield>
        <datafield tag="300" ind1=" " ind2=" ">
            <subfield code="a">2 p. l., xvii p., 1 l., 475 p.</subfield>
            <subfield code="c">22 cm.</subfield>
        </datafield>
        <datafield tag="600" ind1="1" ind2="0">
            <subfield code="a">Marmont, Auguste Frédéric Louis Viesse de,</subfield>
            <subfield code="c">duc de Raguse,</subfield>
            <subfield code="d">1774-1852.</subfield>
        </datafield>
        <datafield tag="651" ind1=" " ind2="0">
            <subfield code="a">France</subfield>
            <subfield code="x">History</subfield>
            <subfield code="y">Consulate and First Empire, 1799-1815.</subfield>
        </datafield>
        <datafield tag="852" ind1="0" ind2=" ">
            <subfield code="a">FTaSU</subfield>
            <subfield code="b">FSUSP</subfield>
            <subfield code="c">NAP</subfield>
            <subfield code="h">DC198.M4</subfield>
            <subfield code="i">R3</subfield>
        </datafield>
        <datafield tag="852" ind1="0" ind2=" ">
            <subfield code="a">FTaSU</subfield>
            <subfield code="b">FSUSP</subfield>
            <subfield code="c">NAP</subfield>
            <subfield code="h">DC198.M4</subfield>
            <subfield code="i">R3</subfield>
        </datafield>
        <datafield tag="951" ind1=" " ind2=" ">
            <subfield code="1">05</subfield>
            <subfield code="a">FSU01:000346430;</subfield>
            <subfield code="5">FTaSU</subfield>
        </datafield>
        <datafield tag="999" ind1=" " ind2=" ">
            <subfield code="a">ABM6580001</subfield>
        </datafield>
    </record>