
    <record>
        <leader>00946cam a2200253Ia 4500</leader>
        <controlfield tag="001">028319064</controlfield>
        <controlfield tag="004">FSAKS6440001</controlfield>
        <controlfield tag="005">20150422234300.0</controlfield>
        <controlfield tag="008">930812s1959 nyuabf b 001|0beng d</controlfield>
        <datafield tag="010" ind1=" " ind2=" ">
            <subfield code="a"> 59001573 </subfield>
        </datafield>
        <datafield tag="019" ind1=" " ind2=" ">
            <subfield code="a">751004</subfield>
        </datafield>
        <datafield tag="035" ind1=" " ind2=" ">
            <subfield code="a">(OCoLC)28625599</subfield>
        </datafield>
        <datafield tag="040" ind1=" " ind2=" ">
            <subfield code="a">GZM</subfield>
            <subfield code="c">GZM</subfield>
            <subfield code="d">KSU</subfield>
            <subfield code="d">UMS</subfield>
        </datafield>
        <datafield tag="090" ind1=" " ind2=" ">
            <subfield code="a">DA68.12.L9</subfield>
            <subfield code="b">B74 1959</subfield>
        </datafield>
        <datafield tag="100" ind1="1" ind2=" ">
            <subfield code="a">Brett-James, Antony,</subfield>
            <subfield code="d">1920-1984.</subfield>
        </datafield>
        <datafield tag="245" ind1="1" ind2="0">
            <subfield code="a">General Graham, Lord Lynedoch /</subfield>
            <subfield code="c">by Antony Brett-James.</subfield>
        </datafield>
        <datafield tag="260" ind1=" " ind2=" ">
            <subfield code="a">New York :</subfield>
            <subfield code="b">St. Martin's Press ;</subfield>
            <subfield code="a">London :</subfield>
            <subfield code="b">Macmillan ;</subfield>
            <subfield code="a">Toronto :</subfield>
            <subfield code="b">Macmillan Company of Canada,</subfield>
            <subfield code="c">1959.</subfield>
        </datafield>
        <datafield tag="300" ind1=" " ind2=" ">
            <subfield code="a">xv, 368 p., [16] leaves of plates :</subfield>
            <subfield code="b">ill., maps ;</subfield>
            <subfield code="c">23 cm.</subfield>
        </datafield>
        <datafield tag="504" ind1=" " ind2=" ">
            <subfield code="a">Includes bibliographical references (p. 342-355) and
                index.</subfield>
        </datafield>
        <datafield tag="600" ind1="1" ind2="0">
            <subfield code="a">Lynedoch, Thomas Graham,</subfield>
            <subfield code="c">Baron,</subfield>
            <subfield code="d">1748-1843.</subfield>
        </datafield>
        <datafield tag="852" ind1="0" ind2=" ">
            <subfield code="a">FTaSU</subfield>
            <subfield code="b">FSULC</subfield>
            <subfield code="c">SUB</subfield>
            <subfield code="h">DA68.12.L9</subfield>
            <subfield code="i">B74 1959</subfield>
        </datafield>
        <datafield tag="852" ind1="0" ind2=" ">
            <subfield code="a">FTaSU</subfield>
            <subfield code="b">FSULC</subfield>
            <subfield code="c">SUB</subfield>
            <subfield code="h">DA68.12.L9</subfield>
            <subfield code="i">B74 1959</subfield>
        </datafield>
        <datafield tag="951" ind1=" " ind2=" ">
            <subfield code="1">05</subfield>
            <subfield code="a">FSU01:001806829;</subfield>
            <subfield code="5">FTaSU</subfield>
        </datafield>
        <datafield tag="999" ind1=" " ind2=" ">
            <subfield code="a">AKS6440001</subfield>
        </datafield>
    </record>