
    <record>
        <leader>00975nam a2200229I 4500</leader>
        <controlfield tag="001">028319088</controlfield>
        <controlfield tag="004">FSAKS6441001</controlfield>
        <controlfield tag="005">20120623052600.0</controlfield>
        <controlfield tag="008">770520s1893 enkac 000|0deng d</controlfield>
        <datafield tag="035" ind1=" " ind2=" ">
            <subfield code="a">(OCoLC)02981113</subfield>
        </datafield>
        <datafield tag="040" ind1=" " ind2=" ">
            <subfield code="a">EEM</subfield>
            <subfield code="c">EEM</subfield>
        </datafield>
        <datafield tag="090" ind1=" " ind2=" ">
            <subfield code="a">DC236.1</subfield>
            <subfield code="b">.W47 1893</subfield>
        </datafield>
        <datafield tag="100" ind1="1" ind2=" ">
            <subfield code="a">Westmorland, Priscilla Anne (Wellesley Pole) Fane,</subfield>
            <subfield code="c">Countess of,</subfield>
            <subfield code="d">1793-1879.</subfield>
        </datafield>
        <datafield tag="245" ind1="1" ind2="4">
            <subfield code="a">The letters of Lady Burghersh :</subfield>
            <subfield code="b">(afterwards Countess of Westmorland) from Germany and France during
                the campaign of 1813-14 /</subfield>
            <subfield code="c">edited by her daughter, Lady Rose Weigall.</subfield>
        </datafield>
        <datafield tag="260" ind1=" " ind2=" ">
            <subfield code="a">London :</subfield>
            <subfield code="b">J. Murray,</subfield>
            <subfield code="c">1893.</subfield>
        </datafield>
        <datafield tag="300" ind1=" " ind2=" ">
            <subfield code="a">19, 241 p., [3] leaves of plates :</subfield>
            <subfield code="b">ports. ;</subfield>
            <subfield code="c">20 cm.</subfield>
        </datafield>
        <datafield tag="600" ind1="1" ind2="0">
            <subfield code="a">Westmorland, Priscilla Anne Wellesley Pole Fane,</subfield>
            <subfield code="c">Countess of,</subfield>
            <subfield code="d">1793-1879.</subfield>
        </datafield>
        <datafield tag="600" ind1="0" ind2="0">
            <subfield code="a">Napoleon</subfield>
            <subfield code="b">I,</subfield>
            <subfield code="c">Emperor of the French,</subfield>
            <subfield code="d">1769-1821.</subfield>
        </datafield>
        <datafield tag="852" ind1="0" ind2=" ">
            <subfield code="a">FTaSU</subfield>
            <subfield code="b">FSUSP</subfield>
            <subfield code="c">NAP</subfield>
            <subfield code="h">DC236.1</subfield>
            <subfield code="i">.W47 1893</subfield>
        </datafield>
        <datafield tag="852" ind1="0" ind2=" ">
            <subfield code="a">FTaSU</subfield>
            <subfield code="b">FSUSP</subfield>
            <subfield code="c">NAP</subfield>
            <subfield code="h">DC236.1</subfield>
            <subfield code="i">.W47 1893</subfield>
        </datafield>
        <datafield tag="951" ind1=" " ind2=" ">
            <subfield code="1">05</subfield>
            <subfield code="a">FSU01:001806830;</subfield>
            <subfield code="5">FTaSU</subfield>
        </datafield>
        <datafield tag="999" ind1=" " ind2=" ">
            <subfield code="a">AKS6441001</subfield>
        </datafield>
    </record>