
    <record>
        <leader>01870pam a2200349 a 4500</leader>
        <controlfield tag="001">028333334</controlfield>
        <controlfield tag="004">FSAKS7341001</controlfield>
        <controlfield tag="005">20060321115749.0</controlfield>
        <controlfield tag="008">000417s1998 enk 000|0 eng d</controlfield>
        <datafield tag="015" ind1=" " ind2=" ">
            <subfield code="a">GB99-36269</subfield>
        </datafield>
        <datafield tag="020" ind1=" " ind2=" ">
            <subfield code="a">1902222059</subfield>
        </datafield>
        <datafield tag="035" ind1=" " ind2=" ">
            <subfield code="a">(OCoLC)41339566</subfield>
        </datafield>
        <datafield tag="040" ind1=" " ind2=" ">
            <subfield code="a">UKM</subfield>
            <subfield code="c">UKM</subfield>
        </datafield>
        <datafield tag="090" ind1=" " ind2=" ">
            <subfield code="a">DA87.1.N4</subfield>
            <subfield code="b">L54 1998</subfield>
        </datafield>
        <datafield tag="245" ind1="0" ind2="0">
            <subfield code="a">Life of Nelson :</subfield>
            <subfield code="b">containing The Memoirs of Nelson, and The British flag
                triumphant!</subfield>
        </datafield>
        <datafield tag="260" ind1=" " ind2=" ">
            <subfield code="a">Portsmouth :</subfield>
            <subfield code="b">Bardon Enterprises,</subfield>
            <subfield code="c">c1998.</subfield>
        </datafield>
        <datafield tag="300" ind1=" " ind2=" ">
            <subfield code="a">viii, 163 p. :</subfield>
            <subfield code="b">ill., front. ;</subfield>
            <subfield code="c">22 cm.</subfield>
        </datafield>
        <datafield tag="500" ind1=" " ind2=" ">
            <subfield code="a">&quot;Memoirs of Nelson first published by Swinney &amp; Ferrall,
                Birmingham, 1806 - British flag triumphant! first published by T. Curson Hansard,
                London, 1806&quot;--Verso t.p.</subfield>
            <subfield code="5">FTaSU</subfield>
        </datafield>
        <datafield tag="500" ind1=" " ind2=" ">
            <subfield code="a">Original t.p.: Memoirs of the Right Honourable Lord Viscount Nelson,
                Duke of Bronté, &amp;c. &amp;c. from the most authentic sources: with his will, and
                Ceremony of the public funeral. The work is also interspersed with original
                articles, collected solely for this publication.</subfield>
            <subfield code="5">FTaSU</subfield>
        </datafield>
        <datafield tag="500" ind1=" " ind2=" ">
            <subfield code="a">Added t.p. (p. 47): The British flag triumphant! or The Wooden walls
                of Old England: being copies of the London Gazettes, containing the accounts of the
                Great Victories and gallant exploits of the British fleets, during the last and
                present war ... &lt;1794-1806&gt;</subfield>
            <subfield code="5">FTaSU</subfield>
        </datafield>
        <datafield tag="600" ind1="1" ind2="0">
            <subfield code="a">Nelson, Horatio Nelson,</subfield>
            <subfield code="c">Viscount,</subfield>
            <subfield code="d">1758-1805.</subfield>
        </datafield>
        <datafield tag="650" ind1=" " ind2="0">
            <subfield code="a">Admirals</subfield>
            <subfield code="z">Great Britain</subfield>
            <subfield code="v">Biography.</subfield>
        </datafield>
        <datafield tag="651" ind1=" " ind2="0">
            <subfield code="a">Great Britain</subfield>
            <subfield code="x">History, Naval</subfield>
            <subfield code="y">18th century.</subfield>
        </datafield>
        <datafield tag="730" ind1="0" ind2=" ">
            <subfield code="a">London Gazette.</subfield>
        </datafield>
        <datafield tag="740" ind1="4" ind2=" ">
            <subfield code="a">The memoirs of Nelson.</subfield>
        </datafield>
        <datafield tag="740" ind1="4" ind2=" ">
            <subfield code="a">The British flag triumphant!</subfield>
        </datafield>
        <datafield tag="740" ind1="0" ind2=" ">
            <subfield code="a">Memoirs of the Right Honourable Lord Viscount Nelson.</subfield>
        </datafield>
        <datafield tag="740" ind1="0" ind2=" ">
            <subfield code="a">Wooden walls of Old England.</subfield>
        </datafield>
        <datafield tag="852" ind1="0" ind2=" ">
            <subfield code="a">FTaSU</subfield>
            <subfield code="b">FSULC</subfield>
            <subfield code="c">SUB</subfield>
            <subfield code="h">DA87.1.N4</subfield>
            <subfield code="i">L54 1998</subfield>
        </datafield>
        <datafield tag="852" ind1="0" ind2=" ">
            <subfield code="a">FTaSU</subfield>
            <subfield code="b">FSULC</subfield>
            <subfield code="c">SUB</subfield>
            <subfield code="h">DA87.1.N4</subfield>
            <subfield code="i">L54 1998</subfield>
        </datafield>
        <datafield tag="951" ind1=" " ind2=" ">
            <subfield code="1">05</subfield>
            <subfield code="a">FSU01:001807702;</subfield>
            <subfield code="5">FTaSU</subfield>
        </datafield>
        <datafield tag="999" ind1=" " ind2=" ">
            <subfield code="a">AKS7341001</subfield>
        </datafield>
    </record>