
    <record>
        <leader>01076nam a2200313Ia 4500</leader>
        <controlfield tag="001">028394329</controlfield>
        <controlfield tag="004">FSADM6745001</controlfield>
        <controlfield tag="005">20120623053300.0</controlfield>
        <controlfield tag="008">870303s1969 xx 000|0 eng d</controlfield>
        <datafield tag="035" ind1=" " ind2=" ">
            <subfield code="a">(OCoLC)15259469</subfield>
        </datafield>
        <datafield tag="040" ind1=" " ind2=" ">
            <subfield code="a">FDA</subfield>
            <subfield code="c">FDA</subfield>
        </datafield>
        <datafield tag="090" ind1=" " ind2=" ">
            <subfield code="a">DC146.C6</subfield>
            <subfield code="b">O382</subfield>
        </datafield>
        <datafield tag="100" ind1="1" ind2=" ">
            <subfield code="a">Ojala, Jeanne A.</subfield>
        </datafield>
        <datafield tag="245" ind1="1" ind2="4">
            <subfield code="a">The military career of Auguste Colbert, 1793-1809 /</subfield>
            <subfield code="c">by Jeanne A. Ojala.</subfield>
        </datafield>
        <datafield tag="260" ind1=" " ind2=" ">
            <subfield code="c">c1969.</subfield>
        </datafield>
        <datafield tag="300" ind1=" " ind2=" ">
            <subfield code="a">vii, 258 leaves :</subfield>
            <subfield code="b">7 maps ;</subfield>
            <subfield code="c">29 cm.</subfield>
        </datafield>
        <datafield tag="500" ind1=" " ind2=" ">
            <subfield code="a">Typescript.</subfield>
            <subfield code="5">FTaSU</subfield>
        </datafield>
        <datafield tag="502" ind1=" " ind2=" ">
            <subfield code="a">Thesis (Ph.D.)--Florida State University, 1969.</subfield>
        </datafield>
        <datafield tag="504" ind1=" " ind2=" ">
            <subfield code="a">Bibliography: leaves 253-257.</subfield>
        </datafield>
        <datafield tag="600" ind1="1" ind2="0">
            <subfield code="a">Colbert, Auguste François Marie,</subfield>
            <subfield code="c">baron de,</subfield>
            <subfield code="d">1777-1809.</subfield>
        </datafield>
        <datafield tag="610" ind1="1" ind2="0">
            <subfield code="a">France.</subfield>
            <subfield code="b">Armée</subfield>
            <subfield code="x">Biography.</subfield>
        </datafield>
        <datafield tag="650" ind1=" " ind2="0">
            <subfield code="a">Soldiers</subfield>
            <subfield code="z">France</subfield>
            <subfield code="x">Biography.</subfield>
        </datafield>
        <datafield tag="651" ind1=" " ind2="0">
            <subfield code="a">France</subfield>
            <subfield code="x">History</subfield>
            <subfield code="y">1789-1815.</subfield>
        </datafield>
        <datafield tag="690" ind1=" " ind2="0">
            <subfield code="a">FSU Dissertations</subfield>
            <subfield code="x">History.</subfield>
            <subfield code="5">FTaSU</subfield>
        </datafield>
        <datafield tag="852" ind1="0" ind2=" ">
            <subfield code="a">FTaSU</subfield>
            <subfield code="b">FSUSP</subfield>
            <subfield code="c">ARCH</subfield>
            <subfield code="h">DC146.C6</subfield>
            <subfield code="i">O382</subfield>
        </datafield>
        <datafield tag="852" ind1="0" ind2=" ">
            <subfield code="a">FTaSU</subfield>
            <subfield code="b">FSUSP</subfield>
            <subfield code="c">ARCH</subfield>
            <subfield code="h">DC146.C6</subfield>
            <subfield code="i">O382</subfield>
        </datafield>
        <datafield tag="852" ind1="0" ind2=" ">
            <subfield code="a">FTaSU</subfield>
            <subfield code="b">FSULC</subfield>
            <subfield code="c">GEN</subfield>
            <subfield code="h">DC146.C6</subfield>
            <subfield code="i">O382</subfield>
            <subfield code="x">Withdrawn</subfield>
        </datafield>
        <datafield tag="951" ind1=" " ind2=" ">
            <subfield code="1">05</subfield>
            <subfield code="a">FSU01:000796880;</subfield>
            <subfield code="5">FTaSU</subfield>
        </datafield>
        <datafield tag="999" ind1=" " ind2=" ">
            <subfield code="a">ADM6745001</subfield>
        </datafield>
    </record>