
    <record>
        <leader>01037nam a2200241Ii 4500</leader>
        <controlfield tag="001">028419258</controlfield>
        <controlfield tag="004">FSADM8159001</controlfield>
        <controlfield tag="005">20120623053600.0</controlfield>
        <controlfield tag="008">790608s19621956fr ach 000|0 fre d</controlfield>
        <datafield tag="035" ind1=" " ind2=" ">
            <subfield code="a">(OCoLC)05047474</subfield>
        </datafield>
        <datafield tag="040" ind1=" " ind2=" ">
            <subfield code="a">UUM</subfield>
            <subfield code="c">UUM</subfield>
            <subfield code="d">m/c</subfield>
            <subfield code="d">FDA</subfield>
        </datafield>
        <datafield tag="090" ind1=" " ind2=" ">
            <subfield code="a">DC220.3</subfield>
            <subfield code="b">.C46 1962</subfield>
        </datafield>
        <datafield tag="100" ind1="1" ind2=" ">
            <subfield code="a">Chatelle, Albert,</subfield>
            <subfield code="d">1885-1973.</subfield>
        </datafield>
        <datafield tag="245" ind1="1" ind2="0">
            <subfield code="a">Napoléon et la Légion d'honneur au camp de Boulogne, 1801-1805
                /</subfield>
            <subfield code="c">Albert Chatelle ; préface de Son Altesse Impériale le Prince
                Napoléon.</subfield>
        </datafield>
        <datafield tag="260" ind1=" " ind2=" ">
            <subfield code="a">Paris :</subfield>
            <subfield code="b">Lajeunesse,</subfield>
            <subfield code="c">[1962, c1956]</subfield>
        </datafield>
        <datafield tag="300" ind1=" " ind2=" ">
            <subfield code="a">v, 206 p. :</subfield>
            <subfield code="b">ill., facsims., ports. ;</subfield>
            <subfield code="c">24 cm.</subfield>
        </datafield>
        <datafield tag="600" ind1="0" ind2="0">
            <subfield code="a">Napoleon</subfield>
            <subfield code="b">I,</subfield>
            <subfield code="c">Emperor of the French,</subfield>
            <subfield code="d">1769-1821</subfield>
            <subfield code="x">Proposed invasion of England, 1793-1805.</subfield>
        </datafield>
        <datafield tag="610" ind1="2" ind2="0">
            <subfield code="a">Légion d'honneur (France)</subfield>
        </datafield>
        <datafield tag="651" ind1=" " ind2="0">
            <subfield code="a">Boulogne-sur-Mer (France)</subfield>
        </datafield>
        <datafield tag="852" ind1="0" ind2=" ">
            <subfield code="a">FTaSU</subfield>
            <subfield code="b">FSUSP</subfield>
            <subfield code="c">NAP</subfield>
            <subfield code="h">DC220.3</subfield>
            <subfield code="i">.C46 1962</subfield>
            <subfield code="x">Redesignated from subbasement 10/03/2006 rjm</subfield>
        </datafield>
        <datafield tag="852" ind1="0" ind2=" ">
            <subfield code="a">FTaSU</subfield>
            <subfield code="b">FSUSP</subfield>
            <subfield code="c">NAP</subfield>
            <subfield code="h">DC220.3</subfield>
            <subfield code="i">.C46 1962</subfield>
            <subfield code="x">Redesignated from subbasement 10/03/2006 rjm</subfield>
        </datafield>
        <datafield tag="951" ind1=" " ind2=" ">
            <subfield code="1">05</subfield>
            <subfield code="a">FSU01:000798198;</subfield>
            <subfield code="5">FTaSU</subfield>
        </datafield>
        <datafield tag="999" ind1=" " ind2=" ">
            <subfield code="a">ADM8159001</subfield>
        </datafield>
    </record>