
    <record>
        <leader>00871nam a2200241K 4500</leader>
        <controlfield tag="001">028422063</controlfield>
        <controlfield tag="004">FSADM8318001</controlfield>
        <controlfield tag="005">20120623053600.0</controlfield>
        <controlfield tag="008">801210s1823 fr c 000|0 fre d</controlfield>
        <datafield tag="035" ind1=" " ind2=" ">
            <subfield code="a">(OCoLC)07021087</subfield>
        </datafield>
        <datafield tag="040" ind1=" " ind2=" ">
            <subfield code="a">CLE</subfield>
            <subfield code="c">CLE</subfield>
            <subfield code="d">m.c.</subfield>
            <subfield code="d">FDA</subfield>
        </datafield>
        <datafield tag="090" ind1=" " ind2=" ">
            <subfield code="a">DC198</subfield>
            <subfield code="b">.R23</subfield>
        </datafield>
        <datafield tag="092" ind1=" " ind2=" ">
            <subfield code="a">944.51</subfield>
            <subfield code="b">R182m2</subfield>
        </datafield>
        <datafield tag="100" ind1="1" ind2=" ">
            <subfield code="a">Rapp, [Jean]</subfield>
            <subfield code="c">comte,</subfield>
            <subfield code="d">1773-1821.</subfield>
        </datafield>
        <datafield tag="245" ind1="1" ind2="0">
            <subfield code="a">Mémoires du général Rapp,</subfield>
            <subfield code="b">aide-de-camp de Napoléon, écrits par lui-même, et pub. par sa
                famille.</subfield>
        </datafield>
        <datafield tag="260" ind1=" " ind2=" ">
            <subfield code="a">[Paris,</subfield>
            <subfield code="b">Bossange frères,</subfield>
            <subfield code="c">1823]</subfield>
        </datafield>
        <datafield tag="300" ind1=" " ind2=" ">
            <subfield code="a">439 p.</subfield>
            <subfield code="b">illus.</subfield>
        </datafield>
        <datafield tag="490" ind1="0" ind2=" ">
            <subfield code="a">Mémoires de contemporains pour servir à l'histoire de la République
                et le l'Empire</subfield>
            <subfield code="5">FTaSU</subfield>
        </datafield>
        <datafield tag="600" ind1="0" ind2="4">
            <subfield code="a">Napoleon</subfield>
            <subfield code="b">I,</subfield>
            <subfield code="c">Emperor of the French,</subfield>
            <subfield code="d">1769-1821.</subfield>
        </datafield>
        <datafield tag="852" ind1="0" ind2=" ">
            <subfield code="a">FTaSU</subfield>
            <subfield code="b">FSUSP</subfield>
            <subfield code="c">NAP</subfield>
            <subfield code="h">DC198</subfield>
            <subfield code="i">.R23</subfield>
        </datafield>
        <datafield tag="852" ind1="0" ind2=" ">
            <subfield code="a">FTaSU</subfield>
            <subfield code="b">FSUSP</subfield>
            <subfield code="c">NAP</subfield>
            <subfield code="h">DC198</subfield>
            <subfield code="i">.R23</subfield>
        </datafield>
        <datafield tag="951" ind1=" " ind2=" ">
            <subfield code="1">05</subfield>
            <subfield code="a">FSU01:000798352;</subfield>
            <subfield code="5">FTaSU</subfield>
        </datafield>
        <datafield tag="999" ind1=" " ind2=" ">
            <subfield code="a">ADM8318001</subfield>
        </datafield>
    </record>