
    <record>
        <leader>00826nam a2200241K 4500</leader>
        <controlfield tag="001">028422159</controlfield>
        <controlfield tag="004">FSADM8323001</controlfield>
        <controlfield tag="005">20120623053600.0</controlfield>
        <controlfield tag="008">801231s1897 fr c 000|0bfre d</controlfield>
        <datafield tag="019" ind1=" " ind2=" ">
            <subfield code="a">7042557</subfield>
        </datafield>
        <datafield tag="035" ind1=" " ind2=" ">
            <subfield code="a">(OCoLC)23418092</subfield>
        </datafield>
        <datafield tag="040" ind1=" " ind2=" ">
            <subfield code="a">CLE</subfield>
            <subfield code="c">CLE</subfield>
            <subfield code="d">FDA</subfield>
        </datafield>
        <datafield tag="090" ind1=" " ind2=" ">
            <subfield code="a">DC216.83</subfield>
            <subfield code="b">.L33</subfield>
        </datafield>
        <datafield tag="100" ind1="1" ind2=" ">
            <subfield code="a">LaPlace, Marie Anne Charlotte de.</subfield>
        </datafield>
        <datafield tag="245" ind1="1" ind2="0">
            <subfield code="a">Lettres de Madame de Laplace a Elisa Napoléon, princesse de Lucques
                et de Piombino. Réunies et annotées</subfield>
            <subfield code="c">par Paul Marmottan.</subfield>
        </datafield>
        <datafield tag="260" ind1=" " ind2=" ">
            <subfield code="a">Paris,</subfield>
            <subfield code="b">A. Charles,</subfield>
            <subfield code="c">1897.</subfield>
        </datafield>
        <datafield tag="300" ind1=" " ind2=" ">
            <subfield code="a">192 p.</subfield>
            <subfield code="b">front. (port.)</subfield>
        </datafield>
        <datafield tag="600" ind1="0" ind2="0">
            <subfield code="a">Elisa,</subfield>
            <subfield code="c">grand duchess of Tuscany,</subfield>
            <subfield code="d">1777-1820.</subfield>
        </datafield>
        <datafield tag="700" ind1="1" ind2=" ">
            <subfield code="a">Marmottan, Paul,</subfield>
            <subfield code="d">1856-1932.</subfield>
        </datafield>
        <datafield tag="852" ind1="0" ind2=" ">
            <subfield code="a">FTaSU</subfield>
            <subfield code="b">FSUSP</subfield>
            <subfield code="c">NAP</subfield>
            <subfield code="h">DC216.83</subfield>
            <subfield code="i">.L33</subfield>
        </datafield>
        <datafield tag="852" ind1="0" ind2=" ">
            <subfield code="a">FTaSU</subfield>
            <subfield code="b">FSUSP</subfield>
            <subfield code="c">NAP</subfield>
            <subfield code="h">DC216.83</subfield>
            <subfield code="i">.L33</subfield>
        </datafield>
        <datafield tag="951" ind1=" " ind2=" ">
            <subfield code="1">05</subfield>
            <subfield code="a">FSU01:000798357;</subfield>
            <subfield code="5">FTaSU</subfield>
        </datafield>
        <datafield tag="999" ind1=" " ind2=" ">
            <subfield code="a">ADM8323001</subfield>
        </datafield>
    </record>