
    <record>
        <leader>00984nam a2200265I 4500</leader>
        <controlfield tag="001">028422907</controlfield>
        <controlfield tag="004">FSADM8365001</controlfield>
        <controlfield tag="005">20120623053600.0</controlfield>
        <controlfield tag="008">810519s1908 fr ac 000|0 fre d</controlfield>
        <datafield tag="035" ind1=" " ind2=" ">
            <subfield code="a">(OCoLC)07428899</subfield>
        </datafield>
        <datafield tag="040" ind1=" " ind2=" ">
            <subfield code="a">RETROCON/NYGG (ZYU)</subfield>
            <subfield code="c">ZYU</subfield>
            <subfield code="d">ZYU</subfield>
            <subfield code="d">m/c</subfield>
            <subfield code="d">FDA</subfield>
        </datafield>
        <datafield tag="090" ind1=" " ind2=" ">
            <subfield code="a">DC233.B2</subfield>
            <subfield code="b">S2</subfield>
        </datafield>
        <datafield tag="100" ind1="1" ind2=" ">
            <subfield code="a">Savine, Albert,</subfield>
            <subfield code="d">1859-1927.</subfield>
        </datafield>
        <datafield tag="245" ind1="1" ind2="2">
            <subfield code="a">L'abdication de Bayonne,</subfield>
            <subfield code="b">d'après les documents d'archives et les mémoires.</subfield>
            <subfield code="c">Illustrations documentaires.</subfield>
        </datafield>
        <datafield tag="260" ind1=" " ind2=" ">
            <subfield code="a">Paris,</subfield>
            <subfield code="b">Louis-Michaud</subfield>
            <subfield code="c">[1908]</subfield>
        </datafield>
        <datafield tag="300" ind1=" " ind2=" ">
            <subfield code="a">191 [1] p.</subfield>
            <subfield code="b">illus., ports.</subfield>
            <subfield code="c">19 cm.</subfield>
        </datafield>
        <datafield tag="490" ind1="0" ind2=" ">
            <subfield code="a">Collection historique illustrée</subfield>
            <subfield code="5">FTaSU</subfield>
        </datafield>
        <datafield tag="651" ind1=" " ind2="0">
            <subfield code="a">Spain</subfield>
            <subfield code="x">History</subfield>
            <subfield code="y">Napoleonic conquest, 1808-1813.</subfield>
        </datafield>
        <datafield tag="600" ind1="0" ind2="0">
            <subfield code="a">Charles</subfield>
            <subfield code="b">IV,</subfield>
            <subfield code="c">King of Spain,</subfield>
            <subfield code="d">1748-1819.</subfield>
        </datafield>
        <datafield tag="600" ind1="0" ind2="0">
            <subfield code="a">Ferdinand</subfield>
            <subfield code="b">VII,</subfield>
            <subfield code="c">King of Spain,</subfield>
            <subfield code="d">1784-1833.</subfield>
        </datafield>
        <datafield tag="650" ind1=" " ind2="0">
            <subfield code="a">Peninsular War, 1807-1814.</subfield>
        </datafield>
        <datafield tag="852" ind1="0" ind2=" ">
            <subfield code="a">FTaSU</subfield>
            <subfield code="b">FSUSP</subfield>
            <subfield code="c">NAP</subfield>
            <subfield code="h">DC233.B2</subfield>
            <subfield code="i">S2</subfield>
        </datafield>
        <datafield tag="852" ind1="0" ind2=" ">
            <subfield code="a">FTaSU</subfield>
            <subfield code="b">FSUSP</subfield>
            <subfield code="c">NAP</subfield>
            <subfield code="h">DC233.B2</subfield>
            <subfield code="i">S2</subfield>
        </datafield>
        <datafield tag="951" ind1=" " ind2=" ">
            <subfield code="1">05</subfield>
            <subfield code="a">FSU01:000798397;</subfield>
            <subfield code="5">FTaSU</subfield>
        </datafield>
        <datafield tag="999" ind1=" " ind2=" ">
            <subfield code="a">ADM8365001</subfield>
        </datafield>
    </record>