
    <record>
        <leader>01242cam a2200301Ia 4500</leader>
        <controlfield tag="001">028428615</controlfield>
        <controlfield tag="004">FSADM8713002</controlfield>
        <controlfield tag="005">20120623053600.0</controlfield>
        <controlfield tag="008">840720s1894 fr c b 000|0bfre d</controlfield>
        <datafield tag="035" ind1=" " ind2=" ">
            <subfield code="a">(OCoLC)10969619</subfield>
        </datafield>
        <datafield tag="040" ind1=" " ind2=" ">
            <subfield code="a">MHR</subfield>
            <subfield code="c">MHR</subfield>
            <subfield code="d">FDA</subfield>
        </datafield>
        <datafield tag="090" ind1=" " ind2=" ">
            <subfield code="a">DC198.O9</subfield>
            <subfield code="b">O8</subfield>
        </datafield>
        <datafield tag="100" ind1="1" ind2=" ">
            <subfield code="a">Oudinot, Eugénie de Coucy,</subfield>
            <subfield code="c">duchesse de Reggio,</subfield>
            <subfield code="d">1791-1868.</subfield>
        </datafield>
        <datafield tag="240" ind1="1" ind2="0">
            <subfield code="a">Récits de guerre et de foyer.</subfield>
            <subfield code="l">Dutch.</subfield>
            <subfield code="k">Selections.</subfield>
        </datafield>
        <datafield tag="245" ind1="1" ind2="3">
            <subfield code="a">Le maréchal Oudinot, duc de Reggio :</subfield>
            <subfield code="b">d'après les souvenirs inédits de la maréchale /</subfield>
            <subfield code="c">par Gaston Stiegler ; préface de M. Costa de Beauregard.</subfield>
        </datafield>
        <datafield tag="250" ind1=" " ind2=" ">
            <subfield code="a">6e éd. [i.e., printing]</subfield>
        </datafield>
        <datafield tag="260" ind1=" " ind2=" ">
            <subfield code="a">Paris :</subfield>
            <subfield code="b">Plon,</subfield>
            <subfield code="c">1894.</subfield>
        </datafield>
        <datafield tag="300" ind1=" " ind2=" ">
            <subfield code="a">566 p. ;</subfield>
            <subfield code="c">22 cm.</subfield>
        </datafield>
        <datafield tag="490" ind1="1" ind2=" ">
            <subfield code="a">Récits de guerre et de foyer</subfield>
            <subfield code="5">FTaSU</subfield>
        </datafield>
        <datafield tag="500" ind1=" " ind2=" ">
            <subfield code="a">First published 1894.</subfield>
            <subfield code="5">FTaSU</subfield>
        </datafield>
        <datafield tag="600" ind1="1" ind2="0">
            <subfield code="a">Oudinot, Nicholas Charles,</subfield>
            <subfield code="c">duc de Reggio,</subfield>
            <subfield code="d">1767-1847.</subfield>
        </datafield>
        <datafield tag="700" ind1="1" ind2=" ">
            <subfield code="a">Stiegler, Gaston,</subfield>
            <subfield code="d">d. 1931.</subfield>
        </datafield>
        <datafield tag="852" ind1="0" ind2=" ">
            <subfield code="a">FTaSU</subfield>
            <subfield code="b">FSUSP</subfield>
            <subfield code="c">NAP</subfield>
            <subfield code="h">DC198.O9</subfield>
            <subfield code="i">O8</subfield>
        </datafield>
        <datafield tag="852" ind1="0" ind2=" ">
            <subfield code="a">FTaSU</subfield>
            <subfield code="b">FSUSP</subfield>
            <subfield code="c">NAP</subfield>
            <subfield code="h">DC198.O9</subfield>
            <subfield code="i">O8</subfield>
            <subfield code="t">2</subfield>
            <subfield code="x">Redesignated from subbasement 10/03/2006 rjm</subfield>
        </datafield>
        <datafield tag="852" ind1="0" ind2=" ">
            <subfield code="a">FTaSU</subfield>
            <subfield code="b">FSUSP</subfield>
            <subfield code="c">NAP</subfield>
            <subfield code="h">DC198.O9</subfield>
            <subfield code="i">O8</subfield>
        </datafield>
        <datafield tag="852" ind1="0" ind2=" ">
            <subfield code="a">FTaSU</subfield>
            <subfield code="b">FSUSP</subfield>
            <subfield code="c">NAP</subfield>
            <subfield code="h">DC198.O9</subfield>
            <subfield code="i">O8</subfield>
            <subfield code="t">2</subfield>
            <subfield code="x">Redesignated from subbasement 10/03/2006 rjm</subfield>
        </datafield>
        <datafield tag="951" ind1=" " ind2=" ">
            <subfield code="1">05</subfield>
            <subfield code="a">FSU01:000798740;</subfield>
            <subfield code="5">FTaSU</subfield>
        </datafield>
        <datafield tag="999" ind1=" " ind2=" ">
            <subfield code="a">ADM8713002</subfield>
        </datafield>
    </record>