
    <record>
        <leader>00867cam a2200253Ia 4500</leader>
        <controlfield tag="001">028428641</controlfield>
        <controlfield tag="004">FSADM8714001</controlfield>
        <controlfield tag="005">20120623053600.0</controlfield>
        <controlfield tag="008">840720m19031910fr be b 000|0 fre d</controlfield>
        <datafield tag="035" ind1=" " ind2=" ">
            <subfield code="a">(OCoLC)10969650</subfield>
        </datafield>
        <datafield tag="040" ind1=" " ind2=" ">
            <subfield code="a">MHR</subfield>
            <subfield code="c">MHR</subfield>
            <subfield code="d">FDA</subfield>
        </datafield>
        <datafield tag="043" ind1=" " ind2=" ">
            <subfield code="a">e-fr---</subfield>
        </datafield>
        <datafield tag="090" ind1=" " ind2=" ">
            <subfield code="a">DC202.1</subfield>
            <subfield code="b">.C3</subfield>
        </datafield>
        <datafield tag="100" ind1="1" ind2=" ">
            <subfield code="a">Camon, Hubert,</subfield>
            <subfield code="d">1855-1942.</subfield>
        </datafield>
        <datafield tag="245" ind1="1" ind2="3">
            <subfield code="a">La guerre Napoléonienne.</subfield>
        </datafield>
        <datafield tag="260" ind1=" " ind2=" ">
            <subfield code="a">Paris :</subfield>
            <subfield code="b">R. Chapelot,</subfield>
            <subfield code="c">1903-1910.</subfield>
        </datafield>
        <datafield tag="300" ind1=" " ind2=" ">
            <subfield code="a">5 v.</subfield>
        </datafield>
        <datafield tag="505" ind1="0" ind2=" ">
            <subfield code="a">t.1-2. Prćeis de campagnes.--t.3. Les systèmes d'opérations.--t.4.
                Les batailles.--t.5. Atlas.</subfield>
            <subfield code="5">FTaSU</subfield>
        </datafield>
        <datafield tag="651" ind1=" " ind2="0">
            <subfield code="a">France</subfield>
            <subfield code="x">History, Military</subfield>
            <subfield code="y">1789-1815.</subfield>
        </datafield>
        <datafield tag="852" ind1="0" ind2=" ">
            <subfield code="a">FTaSU</subfield>
            <subfield code="b">FSULC</subfield>
            <subfield code="c">SUB</subfield>
            <subfield code="h">DC202.1</subfield>
            <subfield code="i">.C3</subfield>
            <subfield code="x">vk</subfield>
        </datafield>
        <datafield tag="866" ind1="3" ind2="1">
            <subfield code="b">FSU STROZIER LIBRARY</subfield>
            <subfield code="c">Subbasement - Ask at Circulation</subfield>
            <subfield code="h">DC202.1</subfield>
            <subfield code="i">.C3</subfield>
            <subfield code="a">t. 4</subfield>
        </datafield>
        <datafield tag="852" ind1="0" ind2=" ">
            <subfield code="a">FTaSU</subfield>
            <subfield code="b">FSULC</subfield>
            <subfield code="c">SUB</subfield>
            <subfield code="h">DC202.1</subfield>
            <subfield code="i">.C3</subfield>
            <subfield code="x">vk</subfield>
        </datafield>
        <datafield tag="951" ind1=" " ind2=" ">
            <subfield code="1">05</subfield>
            <subfield code="a">FSU01:000798741;</subfield>
            <subfield code="5">FTaSU</subfield>
        </datafield>
        <datafield tag="999" ind1=" " ind2=" ">
            <subfield code="a">ADM8714001</subfield>
        </datafield>
    </record>