
    <record>
        <leader>00691nam a2200217K 4500</leader>
        <controlfield tag="001">028429135</controlfield>
        <controlfield tag="004">FSADM8743001</controlfield>
        <controlfield tag="005">20120623053600.0</controlfield>
        <controlfield tag="008">841011s1856 fr 000|0 fre d</controlfield>
        <datafield tag="035" ind1=" " ind2=" ">
            <subfield code="a">(OCoLC)11252482</subfield>
        </datafield>
        <datafield tag="040" ind1=" " ind2=" ">
            <subfield code="a">LFM</subfield>
            <subfield code="c">LFM</subfield>
            <subfield code="d">FDA</subfield>
        </datafield>
        <datafield tag="090" ind1=" " ind2=" ">
            <subfield code="a">DC198.G71</subfield>
            <subfield code="b">G3</subfield>
        </datafield>
        <datafield tag="100" ind1="1" ind2=" ">
            <subfield code="a">Gay de Vernon, Jean Louis Camille,</subfield>
            <subfield code="c">baron,</subfield>
            <subfield code="d">1796-1863.</subfield>
        </datafield>
        <datafield tag="245" ind1="1" ind2="0">
            <subfield code="a">Vie du maréchal Gouvion Saint-Cyr.</subfield>
        </datafield>
        <datafield tag="260" ind1=" " ind2=" ">
            <subfield code="a">Paris,</subfield>
            <subfield code="b">Firmin Didot Frères,</subfield>
            <subfield code="c">1856.</subfield>
        </datafield>
        <datafield tag="300" ind1=" " ind2=" ">
            <subfield code="a">548 p.</subfield>
            <subfield code="b">port.</subfield>
        </datafield>
        <datafield tag="600" ind1="1" ind2="0">
            <subfield code="a">Gouvion Saint-Cyr, Laurent,</subfield>
            <subfield code="c">marquis de,</subfield>
            <subfield code="d">1764-1830.</subfield>
        </datafield>
        <datafield tag="852" ind1="0" ind2=" ">
            <subfield code="a">FTaSU</subfield>
            <subfield code="b">FSULC</subfield>
            <subfield code="c">SUB</subfield>
            <subfield code="h">DC198.G71</subfield>
            <subfield code="i">G3</subfield>
        </datafield>
        <datafield tag="852" ind1="0" ind2=" ">
            <subfield code="a">FTaSU</subfield>
            <subfield code="b">FSULC</subfield>
            <subfield code="c">SUB</subfield>
            <subfield code="h">DC198.G71</subfield>
            <subfield code="i">G3</subfield>
        </datafield>
        <datafield tag="951" ind1=" " ind2=" ">
            <subfield code="1">05</subfield>
            <subfield code="a">FSU01:000798770;</subfield>
            <subfield code="5">FTaSU</subfield>
        </datafield>
        <datafield tag="999" ind1=" " ind2=" ">
            <subfield code="a">ADM8743001</subfield>
        </datafield>
    </record>