
    <record>
        <leader>00838nam a2200241I 4500</leader>
        <controlfield tag="001">028429554</controlfield>
        <controlfield tag="004">FSADM8765001</controlfield>
        <controlfield tag="005">20120623053600.0</controlfield>
        <controlfield tag="008">841114s1949 fr 000|0 fre c</controlfield>
        <datafield tag="010" ind1=" " ind2=" ">
            <subfield code="a">a 52001940 </subfield>
        </datafield>
        <datafield tag="035" ind1=" " ind2=" ">
            <subfield code="a">(OCoLC)11382446</subfield>
        </datafield>
        <datafield tag="040" ind1=" " ind2=" ">
            <subfield code="a">New York Public Libr.</subfield>
            <subfield code="c">EMU</subfield>
            <subfield code="d">FDA</subfield>
        </datafield>
        <datafield tag="050" ind1="0" ind2=" ">
            <subfield code="a">DC216.5</subfield>
            <subfield code="b">N3</subfield>
        </datafield>
        <datafield tag="100" ind1="1" ind2=" ">
            <subfield code="a">Nabonne, Bernard,</subfield>
            <subfield code="d">1897-1951.</subfield>
        </datafield>
        <datafield tag="245" ind1="0" ind2="0">
            <subfield code="a">Joseph Bonaparte, le roi philosophe.</subfield>
        </datafield>
        <datafield tag="260" ind1=" " ind2=" ">
            <subfield code="a">[Paris]</subfield>
            <subfield code="b">Librairie Hachette,</subfield>
            <subfield code="c">[1949]</subfield>
        </datafield>
        <datafield tag="300" ind1=" " ind2=" ">
            <subfield code="a">253 p.</subfield>
            <subfield code="c">21 cm.</subfield>
        </datafield>
        <datafield tag="490" ind1="0" ind2=" ">
            <subfield code="a">Le Rayon dh́istoire</subfield>
            <subfield code="5">FTaSU</subfield>
        </datafield>
        <datafield tag="600" ind1="0" ind2="0">
            <subfield code="a">Joseph Bonaparte,</subfield>
            <subfield code="c">King of Spain,</subfield>
            <subfield code="d">1768-1844.</subfield>
        </datafield>
        <datafield tag="852" ind1="0" ind2=" ">
            <subfield code="a">FTaSU</subfield>
            <subfield code="b">FSUSP</subfield>
            <subfield code="c">NAP</subfield>
            <subfield code="h">DC216.5</subfield>
            <subfield code="i">N3</subfield>
            <subfield code="x">Redesignated from subbasement 10/03/2006 rjm</subfield>
        </datafield>
        <datafield tag="852" ind1="0" ind2=" ">
            <subfield code="a">FTaSU</subfield>
            <subfield code="b">FSUSP</subfield>
            <subfield code="c">NAP</subfield>
            <subfield code="h">DC216.5</subfield>
            <subfield code="i">N3</subfield>
            <subfield code="x">Redesignated from subbasement 10/03/2006 rjm</subfield>
        </datafield>
        <datafield tag="951" ind1=" " ind2=" ">
            <subfield code="1">05</subfield>
            <subfield code="a">FSU01:000798792;</subfield>
            <subfield code="5">FTaSU</subfield>
        </datafield>
        <datafield tag="999" ind1=" " ind2=" ">
            <subfield code="a">ADM8765001</subfield>
        </datafield>
    </record>