
    <record>
        <leader>00757nam a2200217K 4500</leader>
        <controlfield tag="001">028434785</controlfield>
        <controlfield tag="004">FSADM9051001</controlfield>
        <controlfield tag="005">20120623053700.0</controlfield>
        <controlfield tag="008">860106s1946 sz cf 000|0 fre d</controlfield>
        <datafield tag="035" ind1=" " ind2=" ">
            <subfield code="a">(OCoLC)12981922</subfield>
        </datafield>
        <datafield tag="040" ind1=" " ind2=" ">
            <subfield code="a">CLU</subfield>
            <subfield code="c">CLU</subfield>
            <subfield code="d">FDA</subfield>
        </datafield>
        <datafield tag="090" ind1=" " ind2=" ">
            <subfield code="a">DC222.S81</subfield>
            <subfield code="b">G4</subfield>
        </datafield>
        <datafield tag="100" ind1="1" ind2=" ">
            <subfield code="a">Grellet, Pierre,</subfield>
            <subfield code="d">1882-</subfield>
        </datafield>
        <datafield tag="245" ind1="1" ind2="0">
            <subfield code="a">Avec Bonaparte de Genève à Bâle.</subfield>
        </datafield>
        <datafield tag="260" ind1=" " ind2=" ">
            <subfield code="a">Lausanne,</subfield>
            <subfield code="b">F. Rouge</subfield>
            <subfield code="c">[1946]</subfield>
        </datafield>
        <datafield tag="300" ind1=" " ind2=" ">
            <subfield code="a">159 p.</subfield>
            <subfield code="b">7 plates (incl. ports.)</subfield>
            <subfield code="c">17 cm.</subfield>
        </datafield>
        <datafield tag="651" ind1=" " ind2="0">
            <subfield code="a">Second Coalition, War of the, 1798-1801.</subfield>
        </datafield>
        <datafield tag="852" ind1="0" ind2=" ">
            <subfield code="a">FTaSU</subfield>
            <subfield code="b">FSUSP</subfield>
            <subfield code="c">NAP</subfield>
            <subfield code="h">DC222.S81</subfield>
            <subfield code="i">G4</subfield>
            <subfield code="x">Redesignated from subbasement 10/04/2006 vok</subfield>
        </datafield>
        <datafield tag="852" ind1="0" ind2=" ">
            <subfield code="a">FTaSU</subfield>
            <subfield code="b">FSUSP</subfield>
            <subfield code="c">NAP</subfield>
            <subfield code="h">DC222.S81</subfield>
            <subfield code="i">G4</subfield>
            <subfield code="x">Redesignated from subbasement 10/04/2006 vok</subfield>
        </datafield>
        <datafield tag="951" ind1=" " ind2=" ">
            <subfield code="1">05</subfield>
            <subfield code="a">FSU01:000799072;</subfield>
            <subfield code="5">FTaSU</subfield>
        </datafield>
        <datafield tag="999" ind1=" " ind2=" ">
            <subfield code="a">ADM9051001</subfield>
        </datafield>
    </record>