
    <record>
        <leader>01019nam a2200241K 4500</leader>
        <controlfield tag="001">028441544</controlfield>
        <controlfield tag="004">FSADM9447001</controlfield>
        <controlfield tag="005">20120623053700.0</controlfield>
        <controlfield tag="008">860709s1894 fr 000|0 fre d</controlfield>
        <datafield tag="035" ind1=" " ind2=" ">
            <subfield code="a">(OCoLC)13844613</subfield>
        </datafield>
        <datafield tag="040" ind1=" " ind2=" ">
            <subfield code="a">CLU</subfield>
            <subfield code="c">CLU</subfield>
            <subfield code="d">FDA</subfield>
        </datafield>
        <datafield tag="090" ind1=" " ind2=" ">
            <subfield code="a">DC198.S85</subfield>
            <subfield code="b">A3</subfield>
        </datafield>
        <datafield tag="100" ind1="1" ind2=" ">
            <subfield code="a">Sutter, Mme. Marie Thérèse Figueur,</subfield>
            <subfield code="c">called Mme. Sans-Gêne,</subfield>
            <subfield code="d">1774-1861.</subfield>
        </datafield>
        <datafield tag="245" ind1="1" ind2="3">
            <subfield code="a">La vraie madame Sans-Gêne.</subfield>
            <subfield code="b">Les campagnes de Thérèse Figueur, dragon aux 15e et 9e régiments,
                1793-1815.</subfield>
            <subfield code="c">Écrites sous sa dictée par Saint-Germain Leduc. Préface de M. Émile
                Cère. Dessin de M. Ch. Loewe.</subfield>
        </datafield>
        <datafield tag="260" ind1=" " ind2=" ">
            <subfield code="a">Paris,</subfield>
            <subfield code="b">Guillaumin et cie</subfield>
            <subfield code="c">[1895]</subfield>
        </datafield>
        <datafield tag="300" ind1=" " ind2=" ">
            <subfield code="a">223 p.</subfield>
        </datafield>
        <datafield tag="651" ind1=" " ind2="0">
            <subfield code="a">France</subfield>
            <subfield code="x">History</subfield>
            <subfield code="y">Revolution, 1789-1799</subfield>
            <subfield code="x">Personal narratives.</subfield>
        </datafield>
        <datafield tag="651" ind1=" " ind2="0">
            <subfield code="a">France</subfield>
            <subfield code="x">History</subfield>
            <subfield code="y">Consulate and First Empire, 1799-1815.</subfield>
        </datafield>
        <datafield tag="700" ind1="1" ind2=" ">
            <subfield code="a">Saint-Germain Léduc, Pierre Étienne Denis.</subfield>
        </datafield>
        <datafield tag="852" ind1="0" ind2=" ">
            <subfield code="a">FTaSU</subfield>
            <subfield code="b">FSUSP</subfield>
            <subfield code="c">NAP</subfield>
            <subfield code="h">DC198.S85</subfield>
            <subfield code="i">A3</subfield>
        </datafield>
        <datafield tag="852" ind1="0" ind2=" ">
            <subfield code="a">FTaSU</subfield>
            <subfield code="b">FSUSP</subfield>
            <subfield code="c">NAP</subfield>
            <subfield code="h">DC198.S85</subfield>
            <subfield code="i">A3</subfield>
        </datafield>
        <datafield tag="951" ind1=" " ind2=" ">
            <subfield code="1">05</subfield>
            <subfield code="a">FSU01:000799453;</subfield>
            <subfield code="5">FTaSU</subfield>
        </datafield>
        <datafield tag="999" ind1=" " ind2=" ">
            <subfield code="a">ADM9447001</subfield>
        </datafield>
    </record>