
    <record>
        <leader>01006nam a2200229I 4500</leader>
        <controlfield tag="001">028472376</controlfield>
        <controlfield tag="004">FSABN7262001</controlfield>
        <controlfield tag="005">20120623054000.0</controlfield>
        <controlfield tag="008">780404s1855 nyua 000|0beng </controlfield>
        <datafield tag="010" ind1=" " ind2=" ">
            <subfield code="a"> 04013542 </subfield>
        </datafield>
        <datafield tag="035" ind1=" " ind2=" ">
            <subfield code="a">(OCoLC)03776088</subfield>
        </datafield>
        <datafield tag="040" ind1=" " ind2=" ">
            <subfield code="a">DLC</subfield>
            <subfield code="c">ERE</subfield>
            <subfield code="d">FDA</subfield>
        </datafield>
        <datafield tag="050" ind1="0" ind2=" ">
            <subfield code="a">DC211</subfield>
            <subfield code="b">.A133</subfield>
        </datafield>
        <datafield tag="100" ind1="1" ind2=" ">
            <subfield code="a">Abbott, John S. C.</subfield>
            <subfield code="q">(John Stevens Cabot),</subfield>
            <subfield code="d">1805-1877.</subfield>
        </datafield>
        <datafield tag="245" ind1="1" ind2="0">
            <subfield code="a">Napoleon at St. Helena;</subfield>
            <subfield code="b">or, Interesting anecdotes and remarkable conversations of the emperor
                during the five and a half years of his capitivity.</subfield>
            <subfield code="c">Collected from the memorials of Las Casas, O'Meara, Moutholon,
                Antommarchi, and others. By John S. C. Abbott. With illustrations ...</subfield>
        </datafield>
        <datafield tag="260" ind1=" " ind2=" ">
            <subfield code="a">New York,</subfield>
            <subfield code="b">Harper &amp; brothers</subfield>
            <subfield code="c">[1855]</subfield>
        </datafield>
        <datafield tag="300" ind1=" " ind2=" ">
            <subfield code="a">xii, [13]-662 p.</subfield>
            <subfield code="b">front., illus.</subfield>
            <subfield code="c">25 cm.</subfield>
        </datafield>
        <datafield tag="600" ind1="0" ind2="0">
            <subfield code="a">Napoleon</subfield>
            <subfield code="b">I,</subfield>
            <subfield code="c">Emperor of the French,</subfield>
            <subfield code="d">1769-1821</subfield>
            <subfield code="x">Captivity, 1815-1821.</subfield>
        </datafield>
        <datafield tag="852" ind1="0" ind2=" ">
            <subfield code="a">FTaSU</subfield>
            <subfield code="b">FSUSP</subfield>
            <subfield code="c">NAP</subfield>
            <subfield code="h">DC211</subfield>
            <subfield code="i">.A133</subfield>
        </datafield>
        <datafield tag="852" ind1="0" ind2=" ">
            <subfield code="a">FTaSU</subfield>
            <subfield code="b">FSUSP</subfield>
            <subfield code="c">NAP</subfield>
            <subfield code="h">DC211</subfield>
            <subfield code="i">.A133</subfield>
        </datafield>
        <datafield tag="951" ind1=" " ind2=" ">
            <subfield code="1">05</subfield>
            <subfield code="a">FSU01:000356780;</subfield>
            <subfield code="5">FTaSU</subfield>
        </datafield>
        <datafield tag="999" ind1=" " ind2=" ">
            <subfield code="a">ABN7262001</subfield>
        </datafield>
    </record>