
    <record>
        <leader>00911nam a2200265Ia 4500</leader>
        <controlfield tag="001">028474131</controlfield>
        <controlfield tag="004">FSADN1300001</controlfield>
        <controlfield tag="005">20120623054000.0</controlfield>
        <controlfield tag="008">840305s1913 fr 000|0 fre d</controlfield>
        <datafield tag="035" ind1=" " ind2=" ">
            <subfield code="a">(OCoLC)10485669</subfield>
        </datafield>
        <datafield tag="040" ind1=" " ind2=" ">
            <subfield code="a">COD</subfield>
            <subfield code="c">COD</subfield>
            <subfield code="d">FDA</subfield>
        </datafield>
        <datafield tag="043" ind1=" " ind2=" ">
            <subfield code="a">e-fr---</subfield>
        </datafield>
        <datafield tag="090" ind1=" " ind2=" ">
            <subfield code="a">DC236.1</subfield>
            <subfield code="b">.F3</subfield>
        </datafield>
        <datafield tag="100" ind1="1" ind2=" ">
            <subfield code="a">Fabry, Gabriel Joseph,</subfield>
            <subfield code="d">1869-</subfield>
        </datafield>
        <datafield tag="245" ind1="1" ind2="0">
            <subfield code="a">Etude sur les opérations de l'Empereur 5 septembre au 21 septembre
                1813 /</subfield>
            <subfield code="c">Publiée par G. Fabry.</subfield>
        </datafield>
        <datafield tag="260" ind1=" " ind2=" ">
            <subfield code="a">Paris :</subfield>
            <subfield code="b">Chapelot,</subfield>
            <subfield code="c">1913.</subfield>
        </datafield>
        <datafield tag="300" ind1=" " ind2=" ">
            <subfield code="a">316 p.</subfield>
        </datafield>
        <datafield tag="504" ind1=" " ind2=" ">
            <subfield code="a">Includes bibliographical notes.</subfield>
        </datafield>
        <datafield tag="600" ind1="0" ind2="0">
            <subfield code="a">Napoléon</subfield>
            <subfield code="b">I,</subfield>
            <subfield code="c">Emperor of the French,</subfield>
            <subfield code="d">1769-1821.</subfield>
        </datafield>
        <datafield tag="600" ind1="1" ind2="0">
            <subfield code="a">Ney, Miche duc d'Elchingen,</subfield>
            <subfield code="c">prince de la Moskowa,</subfield>
            <subfield code="d">1769-1815.</subfield>
        </datafield>
        <datafield tag="650" ind1=" " ind2="0">
            <subfield code="a">Napoleonic Wars, 1800-1815</subfield>
            <subfield code="x">Campaigns.</subfield>
        </datafield>
        <datafield tag="852" ind1="0" ind2=" ">
            <subfield code="a">FTaSU</subfield>
            <subfield code="b">FSUSP</subfield>
            <subfield code="c">NAP</subfield>
            <subfield code="h">DC236.1</subfield>
            <subfield code="i">.F3</subfield>
        </datafield>
        <datafield tag="852" ind1="0" ind2=" ">
            <subfield code="a">FTaSU</subfield>
            <subfield code="b">FSUSP</subfield>
            <subfield code="c">NAP</subfield>
            <subfield code="h">DC236.1</subfield>
            <subfield code="i">.F3</subfield>
        </datafield>
        <datafield tag="951" ind1=" " ind2=" ">
            <subfield code="1">05</subfield>
            <subfield code="a">FSU01:000801212;</subfield>
            <subfield code="5">FTaSU</subfield>
        </datafield>
        <datafield tag="999" ind1=" " ind2=" ">
            <subfield code="a">ADN1300001</subfield>
        </datafield>
    </record>