
    <record>
        <leader>00737nam a2200217K 4500</leader>
        <controlfield tag="001">028474243</controlfield>
        <controlfield tag="004">FSADN1306001</controlfield>
        <controlfield tag="005">20080513152428.0</controlfield>
        <controlfield tag="008">840314s1943 fr b 000|0 eng d</controlfield>
        <datafield tag="035" ind1=" " ind2=" ">
            <subfield code="a">(OCoLC)10521837</subfield>
        </datafield>
        <datafield tag="040" ind1=" " ind2=" ">
            <subfield code="a">CLA</subfield>
            <subfield code="c">CLA</subfield>
            <subfield code="d">FDA</subfield>
        </datafield>
        <datafield tag="090" ind1=" " ind2=" ">
            <subfield code="a">DC242</subfield>
            <subfield code="b">.T5</subfield>
        </datafield>
        <datafield tag="100" ind1="1" ind2=" ">
            <subfield code="a">Thiry, Jean,</subfield>
            <subfield code="c">baron,</subfield>
            <subfield code="d">1899-1980.</subfield>
        </datafield>
        <datafield tag="245" ind1="1" ind2="0">
            <subfield code="a">Waterloo.</subfield>
        </datafield>
        <datafield tag="260" ind1=" " ind2=" ">
            <subfield code="a">Paris,</subfield>
            <subfield code="b">Éditions Berger-Levrault,</subfield>
            <subfield code="c">1943.</subfield>
        </datafield>
        <datafield tag="300" ind1=" " ind2=" ">
            <subfield code="a">316 p.</subfield>
            <subfield code="b">fold. maps.</subfield>
            <subfield code="c">22 cm.</subfield>
        </datafield>
        <datafield tag="650" ind1=" " ind2="0">
            <subfield code="a">Waterloo, Battle of, Waterloo, Belgium, 1815</subfield>
        </datafield>
        <datafield tag="852" ind1="0" ind2=" ">
            <subfield code="a">FTaSU</subfield>
            <subfield code="b">FSUSP</subfield>
            <subfield code="c">NAP</subfield>
            <subfield code="h">DC242</subfield>
            <subfield code="i">.T5</subfield>
            <subfield code="x">Redesignated from subbasement 10/05/2006 lmd</subfield>
        </datafield>
        <datafield tag="852" ind1="0" ind2=" ">
            <subfield code="a">FTaSU</subfield>
            <subfield code="b">FSUSP</subfield>
            <subfield code="c">NAP</subfield>
            <subfield code="h">DC242</subfield>
            <subfield code="i">.T5</subfield>
            <subfield code="x">Redesignated from subbasement 10/05/2006 lmd</subfield>
        </datafield>
        <datafield tag="951" ind1=" " ind2=" ">
            <subfield code="1">05</subfield>
            <subfield code="a">FSU01:000801218;</subfield>
            <subfield code="5">FTaSU</subfield>
        </datafield>
        <datafield tag="999" ind1=" " ind2=" ">
            <subfield code="a">ADN1306001</subfield>
        </datafield>
    </record>