
    <record>
        <leader>00925nam a2200241K 4500</leader>
        <controlfield tag="001">028487067</controlfield>
        <controlfield tag="004">FSADN2140001</controlfield>
        <controlfield tag="005">20120623054100.0</controlfield>
        <controlfield tag="008">860730s1906 fr 000|0 fre d</controlfield>
        <datafield tag="035" ind1=" " ind2=" ">
            <subfield code="a">(OCoLC)13988971</subfield>
        </datafield>
        <datafield tag="040" ind1=" " ind2=" ">
            <subfield code="a">CLU</subfield>
            <subfield code="c">CLU</subfield>
            <subfield code="d">FDA</subfield>
        </datafield>
        <datafield tag="090" ind1=" " ind2=" ">
            <subfield code="a">DC236.7.B4</subfield>
            <subfield code="b">D85</subfield>
        </datafield>
        <datafield tag="100" ind1="1" ind2=" ">
            <subfield code="a">Duval, Jules Célestin Xavier Auguste.</subfield>
        </datafield>
        <datafield tag="245" ind1="1" ind2="0">
            <subfield code="a">Napoléon, Bülow et Bernadotte, 1813 (Offensives contre
                Berlin)</subfield>
        </datafield>
        <datafield tag="260" ind1=" " ind2=" ">
            <subfield code="a">Paris,</subfield>
            <subfield code="b">H. Charles-Lavauzelle</subfield>
            <subfield code="c">[1906]</subfield>
        </datafield>
        <datafield tag="300" ind1=" " ind2=" ">
            <subfield code="a">90 p.</subfield>
        </datafield>
        <datafield tag="600" ind1="0" ind2="0">
            <subfield code="a">Napoleon</subfield>
            <subfield code="b">I,</subfield>
            <subfield code="c">Emperor of the French,</subfield>
            <subfield code="d">1769-1821.</subfield>
        </datafield>
        <datafield tag="600" ind1="0" ind2="0">
            <subfield code="a">Charles</subfield>
            <subfield code="b">XIV John,</subfield>
            <subfield code="c">King of Sweden and Norway,</subfield>
            <subfield code="d">1763-1844.</subfield>
        </datafield>
        <datafield tag="600" ind1="1" ind2="0">
            <subfield code="a">Bülow, Friedrich Wilhelm von,</subfield>
            <subfield code="d">1755-1816.</subfield>
        </datafield>
        <datafield tag="852" ind1="0" ind2=" ">
            <subfield code="a">FTaSU</subfield>
            <subfield code="b">FSUSP</subfield>
            <subfield code="c">NAP</subfield>
            <subfield code="h">DC236.7.B4</subfield>
            <subfield code="i">D85</subfield>
            <subfield code="x">Redesignated from subbasement 10/05/2006 lmd</subfield>
        </datafield>
        <datafield tag="852" ind1="0" ind2=" ">
            <subfield code="a">FTaSU</subfield>
            <subfield code="b">FSUSP</subfield>
            <subfield code="c">NAP</subfield>
            <subfield code="h">DC236.7.B4</subfield>
            <subfield code="i">D85</subfield>
            <subfield code="x">Redesignated from subbasement 10/05/2006 lmd</subfield>
        </datafield>
        <datafield tag="951" ind1=" " ind2=" ">
            <subfield code="1">05</subfield>
            <subfield code="a">FSU01:000802032;</subfield>
            <subfield code="5">FTaSU</subfield>
        </datafield>
        <datafield tag="999" ind1=" " ind2=" ">
            <subfield code="a">ADN2140001</subfield>
        </datafield>
    </record>