
    <record>
        <leader>01150nam a2200337Ia 4500</leader>
        <controlfield tag="001">028493080</controlfield>
        <controlfield tag="004">FSADN2507001</controlfield>
        <controlfield tag="005">20120623054200.0</controlfield>
        <controlfield tag="008">870406s1969 xx 000|0 eng d</controlfield>
        <datafield tag="035" ind1=" " ind2=" ">
            <subfield code="a">(OCoLC)15490625</subfield>
        </datafield>
        <datafield tag="040" ind1=" " ind2=" ">
            <subfield code="a">FDA</subfield>
            <subfield code="c">FDA</subfield>
        </datafield>
        <datafield tag="090" ind1=" " ind2=" ">
            <subfield code="a">DC146.L68</subfield>
            <subfield code="b">B369</subfield>
        </datafield>
        <datafield tag="100" ind1="1" ind2=" ">
            <subfield code="a">Barry, Donald H.,</subfield>
            <subfield code="d">1945-</subfield>
        </datafield>
        <datafield tag="245" ind1="1" ind2="0">
            <subfield code="a">General Louis-Henri Loison :</subfield>
            <subfield code="b">the early years, 1771-1808 /</subfield>
            <subfield code="c">by Donald H. Barry.</subfield>
        </datafield>
        <datafield tag="260" ind1=" " ind2=" ">
            <subfield code="c">1969.</subfield>
        </datafield>
        <datafield tag="300" ind1=" " ind2=" ">
            <subfield code="a">vi, 201 leaves :</subfield>
            <subfield code="b">ill., 21 maps ;</subfield>
            <subfield code="c">29 cm.</subfield>
        </datafield>
        <datafield tag="500" ind1=" " ind2=" ">
            <subfield code="a">Typescript.</subfield>
            <subfield code="5">FTaSU</subfield>
        </datafield>
        <datafield tag="502" ind1=" " ind2=" ">
            <subfield code="a">Thesis (M.A.)--Florida State University, 1969.</subfield>
        </datafield>
        <datafield tag="504" ind1=" " ind2=" ">
            <subfield code="a">Bibliography: leaves 197-200.</subfield>
        </datafield>
        <datafield tag="690" ind1=" " ind2="0">
            <subfield code="a">FSU Dissertations</subfield>
            <subfield code="x">History.</subfield>
            <subfield code="5">FTaSU</subfield>
        </datafield>
        <datafield tag="600" ind1="1" ind2="0">
            <subfield code="a">Loison, Louis-Henri,</subfield>
            <subfield code="c">comte,</subfield>
            <subfield code="d">1771-1816.</subfield>
        </datafield>
        <datafield tag="651" ind1=" " ind2="0">
            <subfield code="a">France</subfield>
            <subfield code="x">History</subfield>
            <subfield code="y">1789-1815.</subfield>
        </datafield>
        <datafield tag="610" ind1="1" ind2="0">
            <subfield code="a">France.</subfield>
            <subfield code="b">Armée</subfield>
            <subfield code="x">Biography.</subfield>
        </datafield>
        <datafield tag="650" ind1=" " ind2="0">
            <subfield code="a">Soldiers</subfield>
            <subfield code="z">France</subfield>
            <subfield code="x">Biography.</subfield>
        </datafield>
        <datafield tag="852" ind1="0" ind2=" ">
            <subfield code="a">FTaSU</subfield>
            <subfield code="b">FSULC</subfield>
            <subfield code="c">GEN</subfield>
            <subfield code="h">DC146.L68</subfield>
            <subfield code="i">B369</subfield>
        </datafield>
        <datafield tag="852" ind1="0" ind2=" ">
            <subfield code="a">FTaSU</subfield>
            <subfield code="b">FSUSP</subfield>
            <subfield code="c">ARCH</subfield>
            <subfield code="h">DC146.L68</subfield>
            <subfield code="i">B369</subfield>
        </datafield>
        <datafield tag="852" ind1="0" ind2=" ">
            <subfield code="a">FTaSU</subfield>
            <subfield code="b">FSULC</subfield>
            <subfield code="c">GEN</subfield>
            <subfield code="h">DC146.L68</subfield>
            <subfield code="i">B369</subfield>
        </datafield>
        <datafield tag="852" ind1="0" ind2=" ">
            <subfield code="a">FTaSU</subfield>
            <subfield code="b">FSUSP</subfield>
            <subfield code="c">ARCH</subfield>
            <subfield code="h">DC146.L68</subfield>
            <subfield code="i">B369</subfield>
        </datafield>
        <datafield tag="951" ind1=" " ind2=" ">
            <subfield code="1">05</subfield>
            <subfield code="a">FSU01:000802389;</subfield>
            <subfield code="5">FTaSU</subfield>
        </datafield>
        <datafield tag="999" ind1=" " ind2=" ">
            <subfield code="a">ADN2507001</subfield>
        </datafield>
        <datafield tag="999" ind1=" " ind2=" ">
            <subfield code="a">ADN2507002</subfield>
        </datafield>
    </record>