
    <record>
        <leader>00956nam a2200265 a 4500</leader>
        <controlfield tag="001">028516794</controlfield>
        <controlfield tag="004">FSAHK8440001</controlfield>
        <controlfield tag="005">20120623054400.0</controlfield>
        <controlfield tag="008">930326r18671867au 000|0 ger d</controlfield>
        <datafield tag="035" ind1=" " ind2=" ">
            <subfield code="a">(OCoLC)28314381</subfield>
        </datafield>
        <datafield tag="040" ind1=" " ind2=" ">
            <subfield code="a">FDA</subfield>
            <subfield code="c">FDA</subfield>
        </datafield>
        <datafield tag="090" ind1=" " ind2=" ">
            <subfield code="a">R502.V47</subfield>
            <subfield code="b">M33 1867</subfield>
        </datafield>
        <datafield tag="100" ind1="1" ind2=" ">
            <subfield code="a">Macher, Mathias.</subfield>
        </datafield>
        <datafield tag="245" ind1="1" ind2="0">
            <subfield code="a">Lebensbild Dr. Lorenz Chrysanth's Edlen von Vest /</subfield>
            <subfield code="c">entworfen von Mathias Macher.</subfield>
        </datafield>
        <datafield tag="260" ind1=" " ind2=" ">
            <subfield code="a">Graz :</subfield>
            <subfield code="b">A. Leykam's Erben,</subfield>
            <subfield code="c">1867.</subfield>
        </datafield>
        <datafield tag="300" ind1=" " ind2=" ">
            <subfield code="a">33 p. ;</subfield>
            <subfield code="c">23 cm.</subfield>
        </datafield>
        <datafield tag="500" ind1=" " ind2=" ">
            <subfield code="a">(Separat-Abdruck aus dem 4. Jahresberichte des Vereines der Aerzte in
                Steiermark.)</subfield>
            <subfield code="5">FTaSU</subfield>
        </datafield>
        <datafield tag="504" ind1=" " ind2=" ">
            <subfield code="a">Includes bibliographical references.</subfield>
        </datafield>
        <datafield tag="600" ind1="1" ind2="0">
            <subfield code="a">Vest, Lorenz Chrysanth,</subfield>
            <subfield code="c">Edler von,</subfield>
            <subfield code="d">1776-1840.</subfield>
        </datafield>
        <datafield tag="650" ind1=" " ind2="0">
            <subfield code="a">Physicians</subfield>
            <subfield code="z">Austria</subfield>
            <subfield code="x">Biography.</subfield>
        </datafield>
        <datafield tag="650" ind1=" " ind2="0">
            <subfield code="a">Scholars</subfield>
            <subfield code="z">Austria</subfield>
            <subfield code="x">Biography.</subfield>
        </datafield>
        <datafield tag="852" ind1="0" ind2=" ">
            <subfield code="a">FTaSU</subfield>
            <subfield code="b">FSUSP</subfield>
            <subfield code="c">NAP</subfield>
            <subfield code="h">R502.V47</subfield>
            <subfield code="i">M33 1867</subfield>
        </datafield>
        <datafield tag="852" ind1="0" ind2=" ">
            <subfield code="a">FTaSU</subfield>
            <subfield code="b">FSUSP</subfield>
            <subfield code="c">NAP</subfield>
            <subfield code="h">R502.V47</subfield>
            <subfield code="i">M33 1867</subfield>
        </datafield>
        <datafield tag="951" ind1=" " ind2=" ">
            <subfield code="1">05</subfield>
            <subfield code="a">FSU01:001313052;</subfield>
            <subfield code="5">FTaSU</subfield>
        </datafield>
        <datafield tag="999" ind1=" " ind2=" ">
            <subfield code="a">AHK8440001</subfield>
        </datafield>
    </record>