
    <record>
        <leader>00822nam a2200253I 4500</leader>
        <controlfield tag="001">028650249</controlfield>
        <controlfield tag="004">FSABP7835001</controlfield>
        <controlfield tag="005">20120623055400.0</controlfield>
        <controlfield tag="008">780626s1958 fr 000|0 fre c</controlfield>
        <datafield tag="010" ind1=" " ind2=" ">
            <subfield code="a">a 59004548 </subfield>
        </datafield>
        <datafield tag="035" ind1=" " ind2=" ">
            <subfield code="a">(OCoLC)04008773</subfield>
        </datafield>
        <datafield tag="040" ind1=" " ind2=" ">
            <subfield code="a">Rochester. Univ. Libr.</subfield>
            <subfield code="c">AZU</subfield>
            <subfield code="d">FDA</subfield>
        </datafield>
        <datafield tag="050" ind1="1" ind2=" ">
            <subfield code="a">DC216.5</subfield>
            <subfield code="b">.B4</subfield>
        </datafield>
        <datafield tag="100" ind1="1" ind2=" ">
            <subfield code="a">Bertaut, Jules,</subfield>
            <subfield code="d">1877-1959.</subfield>
        </datafield>
        <datafield tag="245" ind1="1" ind2="3">
            <subfield code="a">Le ménage Murat.</subfield>
        </datafield>
        <datafield tag="260" ind1=" " ind2=" ">
            <subfield code="a">[Paris]</subfield>
            <subfield code="b">Le Livre contemporain</subfield>
            <subfield code="c">[1958]</subfield>
        </datafield>
        <datafield tag="300" ind1=" " ind2=" ">
            <subfield code="a">248 p.</subfield>
            <subfield code="c">21 cm.</subfield>
        </datafield>
        <datafield tag="490" ind1="0" ind2=" ">
            <subfield code="a">Presence de l'histoire</subfield>
            <subfield code="5">FTaSU</subfield>
        </datafield>
        <datafield tag="600" ind1="0" ind2="0">
            <subfield code="a">Joachim Murat,</subfield>
            <subfield code="c">King of Naples,</subfield>
            <subfield code="d">1767-1815.</subfield>
        </datafield>
        <datafield tag="600" ind1="0" ind2="0">
            <subfield code="a">Caroline Bonaparte,</subfield>
            <subfield code="c">consort of Joachim Murat, King of Naples,</subfield>
            <subfield code="d">1782-1839.</subfield>
        </datafield>
        <datafield tag="852" ind1="0" ind2=" ">
            <subfield code="a">FTaSU</subfield>
            <subfield code="b">FSULC</subfield>
            <subfield code="c">SUB</subfield>
            <subfield code="h">DC216.5</subfield>
            <subfield code="i">.B4</subfield>
        </datafield>
        <datafield tag="852" ind1="0" ind2=" ">
            <subfield code="a">FTaSU</subfield>
            <subfield code="b">FSULC</subfield>
            <subfield code="c">SUB</subfield>
            <subfield code="h">DC216.5</subfield>
            <subfield code="i">.B4</subfield>
        </datafield>
        <datafield tag="951" ind1=" " ind2=" ">
            <subfield code="1">05</subfield>
            <subfield code="a">FSU01:000367040;</subfield>
            <subfield code="5">FTaSU</subfield>
        </datafield>
        <datafield tag="999" ind1=" " ind2=" ">
            <subfield code="a">ABP7835001</subfield>
        </datafield>
    </record>