
    <record>
        <leader>00958nam a2200265I 4500</leader>
        <controlfield tag="001">028672636</controlfield>
        <controlfield tag="004">FSABP9247001</controlfield>
        <controlfield tag="005">20120623055600.0</controlfield>
        <controlfield tag="008">780710s1947 lauabc b 000|0bengm </controlfield>
        <datafield tag="010" ind1=" " ind2=" ">
            <subfield code="a"> 48000808 //r</subfield>
        </datafield>
        <datafield tag="035" ind1=" " ind2=" ">
            <subfield code="a">(OCoLC)04041031</subfield>
        </datafield>
        <datafield tag="040" ind1=" " ind2=" ">
            <subfield code="a">DLC</subfield>
            <subfield code="c">FDA</subfield>
            <subfield code="d">FDA</subfield>
        </datafield>
        <datafield tag="045" ind1=" " ind2=" ">
            <subfield code="a">w1w2</subfield>
        </datafield>
        <datafield tag="050" ind1="0" ind2=" ">
            <subfield code="a">DC212.5</subfield>
            <subfield code="b">.E2</subfield>
        </datafield>
        <datafield tag="082" ind1="0" ind2=" ">
            <subfield code="a">923.144</subfield>
        </datafield>
        <datafield tag="100" ind1="1" ind2=" ">
            <subfield code="a">Ebeyer, Pierre Paul,</subfield>
            <subfield code="d">1893-</subfield>
        </datafield>
        <datafield tag="245" ind1="1" ind2="0">
            <subfield code="a">Revelations concerning Napoleon's escape from St. Helena.</subfield>
        </datafield>
        <datafield tag="260" ind1=" " ind2=" ">
            <subfield code="a">New Orleans,</subfield>
            <subfield code="b">Windmill Pub. Co.</subfield>
            <subfield code="c">[1947]</subfield>
        </datafield>
        <datafield tag="300" ind1=" " ind2=" ">
            <subfield code="a">vi, 400 p.</subfield>
            <subfield code="b">illus., map, ports.</subfield>
            <subfield code="c">24 cm.</subfield>
        </datafield>
        <datafield tag="504" ind1=" " ind2=" ">
            <subfield code="a">&quot;Books and authors quoted from&quot;: p. 10-11.</subfield>
        </datafield>
        <datafield tag="600" ind1="0" ind2="0">
            <subfield code="a">Napoleon</subfield>
            <subfield code="b">I,</subfield>
            <subfield code="c">Emperor of the French,</subfield>
            <subfield code="d">1769-1821</subfield>
            <subfield code="x">Captivity, 1815-1821.</subfield>
        </datafield>
        <datafield tag="852" ind1="0" ind2=" ">
            <subfield code="a">FTaSU</subfield>
            <subfield code="b">FSUSP</subfield>
            <subfield code="c">NAP</subfield>
            <subfield code="h">DC212.5</subfield>
            <subfield code="i">.E2</subfield>
            <subfield code="x">Redesignated from subbasement 10/04/2006 vok</subfield>
        </datafield>
        <datafield tag="852" ind1="0" ind2=" ">
            <subfield code="a">FTaSU</subfield>
            <subfield code="b">FSUSP</subfield>
            <subfield code="c">NAP</subfield>
            <subfield code="h">DC212.5</subfield>
            <subfield code="i">.E2</subfield>
            <subfield code="x">Redesignated from subbasement 10/04/2006 vok</subfield>
        </datafield>
        <datafield tag="951" ind1=" " ind2=" ">
            <subfield code="1">05</subfield>
            <subfield code="a">FSU01:000368401;</subfield>
            <subfield code="5">FTaSU</subfield>
        </datafield>
        <datafield tag="999" ind1=" " ind2=" ">
            <subfield code="a">ABP9247001</subfield>
        </datafield>
    </record>