
    <record>
        <leader>01068nam a2200277Ia 4500</leader>
        <controlfield tag="001">028777648</controlfield>
        <controlfield tag="004">FSAEE3134001</controlfield>
        <controlfield tag="005">20120623060500.0</controlfield>
        <controlfield tag="008">810228s1890 fr 000|0deng d</controlfield>
        <datafield tag="035" ind1=" " ind2=" ">
            <subfield code="a">(OCoLC)07167260</subfield>
        </datafield>
        <datafield tag="040" ind1=" " ind2=" ">
            <subfield code="a">KSU</subfield>
            <subfield code="c">KSU</subfield>
            <subfield code="d">FDA</subfield>
        </datafield>
        <datafield tag="090" ind1=" " ind2=" ">
            <subfield code="a">DC216.1</subfield>
            <subfield code="b">.D86 1890</subfield>
        </datafield>
        <datafield tag="100" ind1="1" ind2=" ">
            <subfield code="a">Ducrest, Georgette.</subfield>
        </datafield>
        <datafield tag="245" ind1="1" ind2="0">
            <subfield code="a">Secret memoirs of the court of the Empress Josephine :</subfield>
            <subfield code="b">with anecdotes of the courts of Navarre and Malmaison /</subfield>
            <subfield code="c">by Madame Ducrest.</subfield>
        </datafield>
        <datafield tag="250" ind1=" " ind2=" ">
            <subfield code="a">Edition de luxe.</subfield>
        </datafield>
        <datafield tag="260" ind1=" " ind2=" ">
            <subfield code="a">Paris :</subfield>
            <subfield code="b">Grolier Society,</subfield>
            <subfield code="c">[1890?]</subfield>
        </datafield>
        <datafield tag="300" ind1=" " ind2=" ">
            <subfield code="a">3 v. ;</subfield>
            <subfield code="c">23 cm.</subfield>
        </datafield>
        <datafield tag="500" ind1=" " ind2=" ">
            <subfield code="a">Half-title: Secret court memoirs.</subfield>
            <subfield code="5">FTaSU</subfield>
        </datafield>
        <datafield tag="500" ind1=" " ind2=" ">
            <subfield code="a">Edition limited to 1000 copies ...</subfield>
            <subfield code="5">FTaSU</subfield>
        </datafield>
        <datafield tag="600" ind1="0" ind2="0">
            <subfield code="a">Josephine,</subfield>
            <subfield code="c">Empress, consort of Napoleon I, Emperor of the French,</subfield>
            <subfield code="d">1763-1814.</subfield>
        </datafield>
        <datafield tag="650" ind1=" " ind2="0">
            <subfield code="a">Court life</subfield>
            <subfield code="y">France, 1799-1815.</subfield>
        </datafield>
        <datafield tag="852" ind1="0" ind2=" ">
            <subfield code="a">FTaSU</subfield>
            <subfield code="b">FSUSP</subfield>
            <subfield code="c">NAP</subfield>
            <subfield code="h">DC216.1</subfield>
            <subfield code="i">.D86 1890</subfield>
        </datafield>
        <datafield tag="866" ind1="3" ind2="1">
            <subfield code="b">FSU STROZIER, Special Coll</subfield>
            <subfield code="c">Napoleon</subfield>
            <subfield code="h">DC216.1</subfield>
            <subfield code="i">.D86 1890</subfield>
            <subfield code="a">v. 1-3</subfield>
        </datafield>
        <datafield tag="852" ind1="0" ind2=" ">
            <subfield code="a">FTaSU</subfield>
            <subfield code="b">FSUSP</subfield>
            <subfield code="c">NAP</subfield>
            <subfield code="h">DC216.1</subfield>
            <subfield code="i">.D86 1890</subfield>
        </datafield>
        <datafield tag="951" ind1=" " ind2=" ">
            <subfield code="1">05</subfield>
            <subfield code="a">FSU01:000819235;</subfield>
            <subfield code="5">FTaSU</subfield>
        </datafield>
        <datafield tag="999" ind1=" " ind2=" ">
            <subfield code="a">AEE3134001</subfield>
        </datafield>
    </record>