
    <record>
        <leader>01016nam a2200277I 4500</leader>
        <controlfield tag="001">028791846</controlfield>
        <controlfield tag="004">FSABQ7068001</controlfield>
        <controlfield tag="005">20090323133016.0</controlfield>
        <controlfield tag="008">780921m18931894xx 000|0 eng d</controlfield>
        <datafield tag="019" ind1=" " ind2=" ">
            <subfield code="a">4242035</subfield>
        </datafield>
        <datafield tag="035" ind1=" " ind2=" ">
            <subfield code="a">(OCoLC)12606477</subfield>
        </datafield>
        <datafield tag="040" ind1=" " ind2=" ">
            <subfield code="a">TXR</subfield>
            <subfield code="c">TXR</subfield>
            <subfield code="d">m.c.</subfield>
            <subfield code="d">FDA</subfield>
        </datafield>
        <datafield tag="043" ind1=" " ind2=" ">
            <subfield code="a">eng----</subfield>
        </datafield>
        <datafield tag="090" ind1=" " ind2=" ">
            <subfield code="a">DC201</subfield>
            <subfield code="b">.T413 1893</subfield>
        </datafield>
        <datafield tag="100" ind1="1" ind2=" ">
            <subfield code="a">Thiers, Adolphe,</subfield>
            <subfield code="d">1797-1877.</subfield>
        </datafield>
        <datafield tag="245" ind1="1" ind2="0">
            <subfield code="a">History of the Consulate and the Empire of France under
                Napoleon.</subfield>
            <subfield code="c">By Louis Adolphe Thiers. Tr. by D. Forbes Campbell and John
                Stebbing.</subfield>
        </datafield>
        <datafield tag="260" ind1=" " ind2=" ">
            <subfield code="a">London,</subfield>
            <subfield code="b">Chatto &amp; Windus,</subfield>
            <subfield code="c">1893-1894.</subfield>
        </datafield>
        <datafield tag="300" ind1=" " ind2=" ">
            <subfield code="a">12 v.</subfield>
            <subfield code="b">illus., ports.</subfield>
            <subfield code="c">24 cm.</subfield>
        </datafield>
        <datafield tag="651" ind1=" " ind2="0">
            <subfield code="a">France</subfield>
            <subfield code="x">History</subfield>
            <subfield code="y">Consulate and First Empire, 1799-1815.</subfield>
        </datafield>
        <datafield tag="700" ind1="1" ind2=" ">
            <subfield code="a">Campbell, D. Forbes.</subfield>
        </datafield>
        <datafield tag="700" ind1="1" ind2=" ">
            <subfield code="a">Stebbing John.</subfield>
        </datafield>
        <datafield tag="852" ind1="0" ind2=" ">
            <subfield code="a">FTaSU</subfield>
            <subfield code="b">FSUSP</subfield>
            <subfield code="c">NAPR</subfield>
            <subfield code="h">DC201</subfield>
            <subfield code="i">.T413 1893</subfield>
        </datafield>
        <datafield tag="866" ind1="3" ind2="1">
            <subfield code="b">FSU STROZIER, Special Coll</subfield>
            <subfield code="c">Napoleon Reference</subfield>
            <subfield code="h">DC201</subfield>
            <subfield code="i">.T413 1893</subfield>
            <subfield code="a">v. 1-v. 12</subfield>
        </datafield>
        <datafield tag="852" ind1="0" ind2=" ">
            <subfield code="a">FTaSU</subfield>
            <subfield code="b">FSUSP</subfield>
            <subfield code="c">NAPR</subfield>
            <subfield code="h">DC201</subfield>
            <subfield code="i">.T413 1893</subfield>
        </datafield>
        <datafield tag="951" ind1=" " ind2=" ">
            <subfield code="1">05</subfield>
            <subfield code="a">FSU01:000375938;</subfield>
            <subfield code="5">FTaSU</subfield>
        </datafield>
        <datafield tag="999" ind1=" " ind2=" ">
            <subfield code="a">ABQ7068001</subfield>
        </datafield>
    </record>