
    <record>
        <leader>00967nam a2200253K 4500</leader>
        <controlfield tag="001">028792499</controlfield>
        <controlfield tag="004">FSAEE4056001</controlfield>
        <controlfield tag="005">20120623060700.0</controlfield>
        <controlfield tag="008">860821m18541855fr be 000|0bfre d</controlfield>
        <datafield tag="035" ind1=" " ind2=" ">
            <subfield code="a">(OCoLC)14119647</subfield>
        </datafield>
        <datafield tag="040" ind1=" " ind2=" ">
            <subfield code="a">CFI</subfield>
            <subfield code="c">CFI</subfield>
            <subfield code="d">FDA</subfield>
        </datafield>
        <datafield tag="090" ind1=" " ind2=" ">
            <subfield code="a">DC216.5</subfield>
            <subfield code="b">.A2 1854</subfield>
        </datafield>
        <datafield tag="100" ind1="0" ind2=" ">
            <subfield code="a">Joseph Bonaparte,</subfield>
            <subfield code="c">King of Spain,</subfield>
            <subfield code="d">1768-1844.</subfield>
        </datafield>
        <datafield tag="245" ind1="1" ind2="0">
            <subfield code="a">Mémoires et correspondance politique et militaire du roi
                Joseph;</subfield>
            <subfield code="b">Publiés, annotés et mis en ordre,</subfield>
            <subfield code="c">par A. Du Casse.</subfield>
        </datafield>
        <datafield tag="260" ind1=" " ind2=" ">
            <subfield code="a">Paris,</subfield>
            <subfield code="b">Perrotin,</subfield>
            <subfield code="c">1854-55.</subfield>
        </datafield>
        <datafield tag="300" ind1=" " ind2=" ">
            <subfield code="a">10 v.</subfield>
            <subfield code="b">2 fold. maps, fold. plan.</subfield>
            <subfield code="c">22 cm.</subfield>
        </datafield>
        <datafield tag="651" ind1=" " ind2="0">
            <subfield code="a">Naples (Kingdom)</subfield>
            <subfield code="x">History.</subfield>
        </datafield>
        <datafield tag="651" ind1=" " ind2="0">
            <subfield code="a">Spain</subfield>
            <subfield code="x">History</subfield>
            <subfield code="y">Napoleonic conquest, 1808-1813.</subfield>
        </datafield>
        <datafield tag="700" ind1="1" ind2=" ">
            <subfield code="a">Du Casse, Albert,</subfield>
            <subfield code="d">1813-1893,</subfield>
            <subfield code="e">ed.</subfield>
        </datafield>
        <datafield tag="852" ind1="0" ind2=" ">
            <subfield code="a">FTaSU</subfield>
            <subfield code="b">FSUSP</subfield>
            <subfield code="c">NAP</subfield>
            <subfield code="h">DC216.5</subfield>
            <subfield code="i">.A2 1854</subfield>
        </datafield>
        <datafield tag="866" ind1="3" ind2="1">
            <subfield code="b">FSU STROZIER, Special Coll</subfield>
            <subfield code="c">Napoleon</subfield>
            <subfield code="h">DC216.5</subfield>
            <subfield code="i">.A2 1854</subfield>
            <subfield code="a">v. 1-10</subfield>
        </datafield>
        <datafield tag="852" ind1="0" ind2=" ">
            <subfield code="a">FTaSU</subfield>
            <subfield code="b">FSUSP</subfield>
            <subfield code="c">NAP</subfield>
            <subfield code="h">DC216.5</subfield>
            <subfield code="i">.A2 1854</subfield>
        </datafield>
        <datafield tag="951" ind1=" " ind2=" ">
            <subfield code="1">05</subfield>
            <subfield code="a">FSU01:000820116;</subfield>
            <subfield code="5">FTaSU</subfield>
        </datafield>
        <datafield tag="999" ind1=" " ind2=" ">
            <subfield code="a">AEE4056001</subfield>
        </datafield>
    </record>