
    <record>
        <leader>01204nam a2200289 a 4500</leader>
        <controlfield tag="001">028907940</controlfield>
        <controlfield tag="004">FSAHN2702001</controlfield>
        <controlfield tag="005">20110923111938.0</controlfield>
        <controlfield tag="008">930525s1905 au 000|0 ger d</controlfield>
        <datafield tag="035" ind1=" " ind2=" ">
            <subfield code="a">(OCoLC)28314437</subfield>
        </datafield>
        <datafield tag="040" ind1=" " ind2=" ">
            <subfield code="a">FDA</subfield>
            <subfield code="c">FDA</subfield>
        </datafield>
        <datafield tag="090" ind1=" " ind2=" ">
            <subfield code="a">DC234</subfield>
            <subfield code="b">.P43</subfield>
        </datafield>
        <datafield tag="100" ind1="1" ind2=" ">
            <subfield code="a">Pfalz, Anton,</subfield>
            <subfield code="d">1885-</subfield>
        </datafield>
        <datafield tag="245" ind1="1" ind2="4">
            <subfield code="a">Die Franzosen in Wien im Jahre 1805 :</subfield>
            <subfield code="b">nach den besten Quellen /</subfield>
            <subfield code="c">bearbeitet von Anton Pfalz.</subfield>
        </datafield>
        <datafield tag="260" ind1=" " ind2=" ">
            <subfield code="a">Deutsch-Wagram :</subfield>
            <subfield code="b">Verlag des Kriegerdenkmalfonds,</subfield>
            <subfield code="c">1905.</subfield>
        </datafield>
        <datafield tag="300" ind1=" " ind2=" ">
            <subfield code="a">35 p. ;</subfield>
            <subfield code="c">21 cm.</subfield>
        </datafield>
        <datafield tag="440" ind1=" " ind2="0">
            <subfield code="a">Flugschriften ;</subfield>
            <subfield code="v">3</subfield>
            <subfield code="5">FTaSU</subfield>
        </datafield>
        <datafield tag="501" ind1=" " ind2=" ">
            <subfield code="a">With: Österreichische Krieger- u. Wehrmannslieder aus dem Jahre 1809
                / gesammelt von Anton Pfalz. Deutsch-Wagram : Verlag des
                &quot;Kriegerdenkmalfonds&quot;, 1905.</subfield>
            <subfield code="5">FTaSU</subfield>
        </datafield>
        <datafield tag="651" ind1=" " ind2="0">
            <subfield code="a">Vienna (Austria)</subfield>
            <subfield code="x">History.</subfield>
        </datafield>
        <datafield tag="651" ind1=" " ind2="0">
            <subfield code="a">Austria</subfield>
            <subfield code="x">History</subfield>
            <subfield code="y">1789-1815.</subfield>
        </datafield>
        <datafield tag="651" ind1=" " ind2="0">
            <subfield code="a">Ulm (Germany)</subfield>
            <subfield code="x">History</subfield>
            <subfield code="y">Capitulation, 1805</subfield>
            <subfield code="x">Influence.</subfield>
        </datafield>
        <datafield tag="650" ind1=" " ind2="0">
            <subfield code="a">Napoleonic Wars, 1800-1815</subfield>
            <subfield code="x">Occupied territories.</subfield>
        </datafield>
        <datafield tag="740" ind1="0" ind2=" ">
            <subfield code="a">Österreichische Krieger- u. Wehrmannslieder aus dem Jahre
                1809.</subfield>
        </datafield>
        <datafield tag="852" ind1="0" ind2=" ">
            <subfield code="a">FTaSU</subfield>
            <subfield code="b">FSUSP</subfield>
            <subfield code="c">NAP</subfield>
            <subfield code="h">DC234</subfield>
            <subfield code="i">.P43</subfield>
            <subfield code="z">Bd. with</subfield>
        </datafield>
        <datafield tag="852" ind1="0" ind2=" ">
            <subfield code="a">FTaSU</subfield>
            <subfield code="b">FSUSP</subfield>
            <subfield code="c">NAP</subfield>
            <subfield code="h">DC234</subfield>
            <subfield code="i">.P43</subfield>
            <subfield code="z">Bd. with</subfield>
        </datafield>
        <datafield tag="951" ind1=" " ind2=" ">
            <subfield code="1">05</subfield>
            <subfield code="a">FSU01:001336230;</subfield>
            <subfield code="5">FTaSU</subfield>
        </datafield>
        <datafield tag="999" ind1=" " ind2=" ">
            <subfield code="a">AHN2702001</subfield>
        </datafield>
    </record>