
    <record>
        <leader>01116cam a2200265I 4500</leader>
        <controlfield tag="001">028954709</controlfield>
        <controlfield tag="004">FSABR7635001</controlfield>
        <controlfield tag="005">20120623062000.0</controlfield>
        <controlfield tag="008">790105m18361837xx 000|0 fre d</controlfield>
        <datafield tag="035" ind1=" " ind2=" ">
            <subfield code="a">(OCoLC)04518471</subfield>
        </datafield>
        <datafield tag="040" ind1=" " ind2=" ">
            <subfield code="a">CLE</subfield>
            <subfield code="c">CLE</subfield>
            <subfield code="d">FDA</subfield>
        </datafield>
        <datafield tag="090" ind1=" " ind2=" ">
            <subfield code="a">DC231</subfield>
            <subfield code="b">.B45</subfield>
        </datafield>
        <datafield tag="092" ind1=" " ind2=" ">
            <subfield code="a">946.6</subfield>
            <subfield code="b">B417j</subfield>
        </datafield>
        <datafield tag="100" ind1="1" ind2=" ">
            <subfield code="a">Belmas, Jacques Vital,</subfield>
            <subfield code="d">1792-1864.</subfield>
        </datafield>
        <datafield tag="245" ind1="1" ind2="0">
            <subfield code="a">Journaux des sièges faits ou soutenus par les Français dans la
                péninsule, de 1807 à 1814;</subfield>
            <subfield code="b">rédigés, d'après les ordres du Gouvernement, sur les documents
                existant aux Archives de la guerre et au Dépôt des fortifications.</subfield>
            <subfield code="c">Par J. Belmas.</subfield>
        </datafield>
        <datafield tag="260" ind1=" " ind2=" ">
            <subfield code="a">Paris,</subfield>
            <subfield code="b">Chez Firmin Didot frères et cie,</subfield>
            <subfield code="c">1836-1837.</subfield>
        </datafield>
        <datafield tag="300" ind1=" " ind2=" ">
            <subfield code="a">4 v. and atlas of 24 pl.</subfield>
            <subfield code="c">23 cm.</subfield>
        </datafield>
        <datafield tag="650" ind1=" " ind2="0">
            <subfield code="a">Peninsular War, 1807-1814.</subfield>
        </datafield>
        <datafield tag="650" ind1=" " ind2="0">
            <subfield code="a">Sieges</subfield>
            <subfield code="z">Spain.</subfield>
        </datafield>
        <datafield tag="852" ind1="0" ind2=" ">
            <subfield code="a">FTaSU</subfield>
            <subfield code="b">FSUSP</subfield>
            <subfield code="c">NAPO</subfield>
            <subfield code="h">DC231</subfield>
            <subfield code="i">.B45</subfield>
        </datafield>
        <datafield tag="866" ind1="3" ind2="1">
            <subfield code="b">FSU STROZIER, Special Coll</subfield>
            <subfield code="c">Napoleon (oversize)</subfield>
            <subfield code="h">DC231</subfield>
            <subfield code="i">.B45</subfield>
            <subfield code="a">t. 1-4</subfield>
        </datafield>
        <datafield tag="866" ind1="3" ind2="1">
            <subfield code="b">FSU STROZIER, Special Coll</subfield>
            <subfield code="c">Napoleon (oversize)</subfield>
            <subfield code="h">DC231</subfield>
            <subfield code="i">.B45</subfield>
            <subfield code="a">atlas</subfield>
        </datafield>
        <datafield tag="852" ind1="0" ind2=" ">
            <subfield code="a">FTaSU</subfield>
            <subfield code="b">FSUSP</subfield>
            <subfield code="c">NAPO</subfield>
            <subfield code="h">DC231</subfield>
            <subfield code="i">.B45</subfield>
        </datafield>
        <datafield tag="951" ind1=" " ind2=" ">
            <subfield code="1">05</subfield>
            <subfield code="a">FSU01:000386173;</subfield>
            <subfield code="5">FTaSU</subfield>
        </datafield>
        <datafield tag="999" ind1=" " ind2=" ">
            <subfield code="a">ABR7635001</subfield>
        </datafield>
    </record>