
    <record>
        <leader>00777nam a2200241Ii 4500</leader>
        <controlfield tag="001">029080209</controlfield>
        <controlfield tag="004">FSABS7102001</controlfield>
        <controlfield tag="005">20140227150300.0</controlfield>
        <controlfield tag="008">790329s1965 be cfh 000|0 fre d</controlfield>
        <datafield tag="035" ind1=" " ind2=" ">
            <subfield code="a">(OCoLC)04795257</subfield>
        </datafield>
        <datafield tag="040" ind1=" " ind2=" ">
            <subfield code="a">GZM</subfield>
            <subfield code="c">GZM</subfield>
            <subfield code="d">FDA</subfield>
        </datafield>
        <datafield tag="090" ind1=" " ind2=" ">
            <subfield code="a">ML196</subfield>
            <subfield code="b">.F5</subfield>
        </datafield>
        <datafield tag="090" ind1=" " ind2=" ">
            <subfield code="a">DC203.9</subfield>
            <subfield code="b">.F552</subfield>
        </datafield>
        <datafield tag="100" ind1="1" ind2=" ">
            <subfield code="a">Fleischman, Théo,</subfield>
            <subfield code="d">1893-1979.</subfield>
        </datafield>
        <datafield tag="245" ind1="1" ind2="0">
            <subfield code="a">Napoléon et la musique.</subfield>
            <subfield code="c">Préf. d'Emmanuel Bondeville.</subfield>
        </datafield>
        <datafield tag="260" ind1=" " ind2=" ">
            <subfield code="a">Bruxelles,</subfield>
            <subfield code="b">Brepols</subfield>
            <subfield code="c">[c1965]</subfield>
        </datafield>
        <datafield tag="300" ind1=" " ind2=" ">
            <subfield code="a">362 p.</subfield>
            <subfield code="b">illus. 21 cm.</subfield>
        </datafield>
        <datafield tag="440" ind1=" " ind2="0">
            <subfield code="a">Collection &quot;Au coeur de l'histoire&quot;,</subfield>
            <subfield code="v">16</subfield>
            <subfield code="5">FTaSU</subfield>
        </datafield>
        <datafield tag="600" ind1="0" ind2="0">
            <subfield code="a">Napoleon</subfield>
            <subfield code="b">I,</subfield>
            <subfield code="c">Emperor of the French,</subfield>
            <subfield code="d">1769-1821.</subfield>
        </datafield>
        <datafield tag="852" ind1="0" ind2=" ">
            <subfield code="a">FTaSU</subfield>
            <subfield code="b">FSUSP</subfield>
            <subfield code="c">NAP</subfield>
            <subfield code="h">DC203.9</subfield>
            <subfield code="i">.F552</subfield>
        </datafield>
        <datafield tag="852" ind1="0" ind2=" ">
            <subfield code="a">FTaSU</subfield>
            <subfield code="b">FSUSP</subfield>
            <subfield code="c">NAP</subfield>
            <subfield code="h">DC203.9</subfield>
            <subfield code="i">.F552</subfield>
        </datafield>
        <datafield tag="951" ind1=" " ind2=" ">
            <subfield code="1">05</subfield>
            <subfield code="a">FSU01:000395370;</subfield>
            <subfield code="5">FTaSU</subfield>
        </datafield>
        <datafield tag="999" ind1=" " ind2=" ">
            <subfield code="a">ABS7102001</subfield>
        </datafield>
    </record>