
    <record>
        <leader>00741nam a2200253I 4500</leader>
        <controlfield tag="001">029232696</controlfield>
        <controlfield tag="004">FSABT7559001</controlfield>
        <controlfield tag="005">20071105085258.0</controlfield>
        <controlfield tag="008">790625s1952 fr 000|0 fres </controlfield>
        <datafield tag="010" ind1=" " ind2=" ">
            <subfield code="a"> 53018632 /L</subfield>
        </datafield>
        <datafield tag="035" ind1=" " ind2=" ">
            <subfield code="a">(OCoLC)05103850</subfield>
        </datafield>
        <datafield tag="040" ind1=" " ind2=" ">
            <subfield code="a">DLC</subfield>
            <subfield code="c">FDA</subfield>
            <subfield code="d">FDA</subfield>
        </datafield>
        <datafield tag="045" ind1=" " ind2=" ">
            <subfield code="a">v9w7</subfield>
        </datafield>
        <datafield tag="090" ind1=" " ind2=" ">
            <subfield code="a">DC216</subfield>
            <subfield code="b">.C53 1952</subfield>
        </datafield>
        <datafield tag="100" ind1="0" ind2=" ">
            <subfield code="a">Charles-Roux, F.</subfield>
            <subfield code="q">(François),</subfield>
            <subfield code="d">b. 1879.</subfield>
        </datafield>
        <datafield tag="245" ind1="1" ind2="0">
            <subfield code="a">Rome, asile des Bonaparte.</subfield>
        </datafield>
        <datafield tag="260" ind1="2" ind2=" ">
            <subfield code="a">[Paris]</subfield>
            <subfield code="b">Hachette</subfield>
            <subfield code="c">[1952]</subfield>
            <subfield code="5">FTaSU</subfield>
        </datafield>
        <datafield tag="300" ind1=" " ind2=" ">
            <subfield code="a">255 p.</subfield>
            <subfield code="c">21 cm.</subfield>
        </datafield>
        <datafield tag="600" ind1="3" ind2="0">
            <subfield code="a">Bonaparte family.</subfield>
        </datafield>
        <datafield tag="651" ind1=" " ind2="0">
            <subfield code="a">Rome (Italy)</subfield>
            <subfield code="x">History</subfield>
            <subfield code="y">1798-1870.</subfield>
        </datafield>
        <datafield tag="852" ind1="0" ind2=" ">
            <subfield code="a">FTaSU</subfield>
            <subfield code="b">FSUSP</subfield>
            <subfield code="c">NAP</subfield>
            <subfield code="h">DC216</subfield>
            <subfield code="i">.C53 1952</subfield>
        </datafield>
        <datafield tag="852" ind1="0" ind2=" ">
            <subfield code="a">FTaSU</subfield>
            <subfield code="b">FSUSP</subfield>
            <subfield code="c">NAP</subfield>
            <subfield code="h">DC216</subfield>
            <subfield code="i">.C53 1952</subfield>
        </datafield>
        <datafield tag="951" ind1=" " ind2=" ">
            <subfield code="1">05</subfield>
            <subfield code="a">FSU01:000405582;</subfield>
            <subfield code="5">FTaSU</subfield>
        </datafield>
        <datafield tag="999" ind1=" " ind2=" ">
            <subfield code="a">ABT7559001</subfield>
        </datafield>
    </record>