
    <record>
        <leader>00972nam a2200253Ki 4500</leader>
        <controlfield tag="001">029282657</controlfield>
        <controlfield tag="004">FSAHR2244001</controlfield>
        <controlfield tag="005">20120623064900.0</controlfield>
        <controlfield tag="008">860402s1905 gw 000|0bger d</controlfield>
        <datafield tag="035" ind1=" " ind2=" ">
            <subfield code="a">(OCoLC)13378347</subfield>
        </datafield>
        <datafield tag="040" ind1=" " ind2=" ">
            <subfield code="a">GZD</subfield>
            <subfield code="c">GZD</subfield>
        </datafield>
        <datafield tag="090" ind1=" " ind2=" ">
            <subfield code="a">DD801.W548</subfield>
            <subfield code="b">L44 1905</subfield>
        </datafield>
        <datafield tag="100" ind1="1" ind2=" ">
            <subfield code="a">Lehsten-Dingelstädt, Karl August Unico von,</subfield>
            <subfield code="c">Freiherr,</subfield>
            <subfield code="d">1794-1854.</subfield>
        </datafield>
        <datafield tag="245" ind1="1" ind2="0">
            <subfield code="a">Am Hofe König Jérômes :</subfield>
            <subfield code="b">Erinnerungen eines westfälischen Pagen und Offiziers /</subfield>
            <subfield code="c">herausgegeben von Otto v. Boltenstern.</subfield>
        </datafield>
        <datafield tag="260" ind1=" " ind2=" ">
            <subfield code="a">Berlin :</subfield>
            <subfield code="b">Mittler,</subfield>
            <subfield code="c">1905.</subfield>
        </datafield>
        <datafield tag="300" ind1=" " ind2=" ">
            <subfield code="a">viii, 150 p. ;</subfield>
            <subfield code="c">25 cm.</subfield>
        </datafield>
        <datafield tag="600" ind1="0" ind2="0">
            <subfield code="a">Jérôme Bonaparte,</subfield>
            <subfield code="c">King of Westphalia,</subfield>
            <subfield code="d">1784-1860.</subfield>
        </datafield>
        <datafield tag="651" ind1=" " ind2="0">
            <subfield code="a">Westphalia (Germany)</subfield>
            <subfield code="x">History.</subfield>
        </datafield>
        <datafield tag="650" ind1=" " ind2="0">
            <subfield code="a">Napoleonic Wars, 1800-1815</subfield>
            <subfield code="x">Personal narratives, German.</subfield>
        </datafield>
        <datafield tag="700" ind1="1" ind2=" ">
            <subfield code="a">Boltenstern, Otto von,</subfield>
            <subfield code="d">1860-</subfield>
        </datafield>
        <datafield tag="852" ind1="0" ind2=" ">
            <subfield code="a">FTaSU</subfield>
            <subfield code="b">FSUSP</subfield>
            <subfield code="c">NAP</subfield>
            <subfield code="h">DD801.W548</subfield>
            <subfield code="i">L44 1905</subfield>
        </datafield>
        <datafield tag="852" ind1="0" ind2=" ">
            <subfield code="a">FTaSU</subfield>
            <subfield code="b">FSUSP</subfield>
            <subfield code="c">NAP</subfield>
            <subfield code="h">DD801.W548</subfield>
            <subfield code="i">L44 1905</subfield>
        </datafield>
        <datafield tag="951" ind1=" " ind2=" ">
            <subfield code="1">05</subfield>
            <subfield code="a">FSU01:001362465;</subfield>
            <subfield code="5">FTaSU</subfield>
        </datafield>
        <datafield tag="999" ind1=" " ind2=" ">
            <subfield code="a">AHR2244001</subfield>
        </datafield>
    </record>