
    <record>
        <leader>01152cam a2200241I 4500</leader>
        <controlfield tag="001">029283654</controlfield>
        <controlfield tag="004">FSABU0865001</controlfield>
        <controlfield tag="005">20120623064900.0</controlfield>
        <controlfield tag="008">790727s1831 enk 000|0aeng </controlfield>
        <datafield tag="010" ind1=" " ind2=" ">
            <subfield code="a"> 05013820 </subfield>
        </datafield>
        <datafield tag="035" ind1=" " ind2=" ">
            <subfield code="a">(OCoLC)05218205</subfield>
        </datafield>
        <datafield tag="040" ind1=" " ind2=" ">
            <subfield code="a">DLC</subfield>
            <subfield code="c">CLE</subfield>
            <subfield code="d">FDA</subfield>
        </datafield>
        <datafield tag="050" ind1=" " ind2=" ">
            <subfield code="a">DC232</subfield>
            <subfield code="b">.L41</subfield>
        </datafield>
        <datafield tag="092" ind1=" " ind2=" ">
            <subfield code="a">944.51</subfield>
            <subfield code="b">L467r</subfield>
        </datafield>
        <datafield tag="100" ind1="1" ind2=" ">
            <subfield code="a">Leach, J.</subfield>
            <subfield code="q">(Jonathan),</subfield>
            <subfield code="d">1784-1855.</subfield>
        </datafield>
        <datafield tag="245" ind1="1" ind2="0">
            <subfield code="a">Rough sketches of the life of an old soldier:</subfield>
            <subfield code="b">during a service in the West Indies; at the siege of Copenhagen in
                1807; in the Peninsula and the south of France in the campaigns from 1808 to 1814,
                with the Light division; in the Netherlands in 1815; including the battles of Quatre
                Bras and Waterloo: with a slight sketch of the three years passed by the army of
                occupation in France, &amp;c., &amp;c., &amp;c.</subfield>
            <subfield code="c">By Lieut.-Colonel J. Leach ...</subfield>
        </datafield>
        <datafield tag="260" ind1=" " ind2=" ">
            <subfield code="a">London,</subfield>
            <subfield code="b">Printed for Longmans, Rees, Orme, Brown, and Green,</subfield>
            <subfield code="c">1831.</subfield>
        </datafield>
        <datafield tag="300" ind1=" " ind2=" ">
            <subfield code="a">xxix, 411 p.</subfield>
            <subfield code="c">23 cm.</subfield>
        </datafield>
        <datafield tag="650" ind1=" " ind2="0">
            <subfield code="a">Peninsular War, 1807-1814</subfield>
            <subfield code="x">Personal narratives.</subfield>
        </datafield>
        <datafield tag="852" ind1="0" ind2=" ">
            <subfield code="a">FTaSU</subfield>
            <subfield code="b">FSUSP</subfield>
            <subfield code="c">NAP</subfield>
            <subfield code="h">DC232</subfield>
            <subfield code="i">.L41</subfield>
        </datafield>
        <datafield tag="852" ind1="0" ind2=" ">
            <subfield code="a">FTaSU</subfield>
            <subfield code="b">FSUSP</subfield>
            <subfield code="c">NAP</subfield>
            <subfield code="h">DC232</subfield>
            <subfield code="i">.L41</subfield>
        </datafield>
        <datafield tag="951" ind1=" " ind2=" ">
            <subfield code="1">05</subfield>
            <subfield code="a">FSU01:000408786;</subfield>
            <subfield code="5">FTaSU</subfield>
        </datafield>
        <datafield tag="999" ind1=" " ind2=" ">
            <subfield code="a">ABU0865001</subfield>
        </datafield>
    </record>