
    <record>
        <leader>00663cam a2200205K 4500</leader>
        <controlfield tag="001">029284105</controlfield>
        <controlfield tag="005">20080313143823.0</controlfield>
        <controlfield tag="008">871229nuuuuuuuunyu 000 0 eng d</controlfield>
        <datafield tag="035" ind1=" " ind2=" ">
            <subfield code="a">(OCoLC)17289048</subfield>
        </datafield>
        <datafield tag="040" ind1=" " ind2=" ">
            <subfield code="a">LRU</subfield>
            <subfield code="c">LRU</subfield>
            <subfield code="d">OCLCQ</subfield>
        </datafield>
        <datafield tag="050" ind1=" " ind2="4">
            <subfield code="a">DA87.1.N487</subfield>
            <subfield code="b">S7</subfield>
        </datafield>
        <datafield tag="100" ind1="1" ind2=" ">
            <subfield code="a">Southey, Robert,</subfield>
            <subfield code="d">1774-1843.</subfield>
        </datafield>
        <datafield tag="245" ind1="1" ind2="4">
            <subfield code="a">The life of Nelson.</subfield>
        </datafield>
        <datafield tag="260" ind1=" " ind2=" ">
            <subfield code="a">New York,</subfield>
            <subfield code="b">Hodder &amp; Stoughton</subfield>
            <subfield code="c">[n.d.]</subfield>
        </datafield>
        <datafield tag="300" ind1=" " ind2=" ">
            <subfield code="a">245 p.</subfield>
            <subfield code="b">col. front.</subfield>
            <subfield code="c">18 cm.</subfield>
        </datafield>
        <datafield tag="490" ind1="0" ind2=" ">
            <subfield code="a">Herbert Strang's Library.</subfield>
            <subfield code="5">FTaSU</subfield>
        </datafield>
        <datafield tag="600" ind1="1" ind2="0">
            <subfield code="a">Nelson, Horatio Nelson,</subfield>
            <subfield code="c">Viscount,</subfield>
            <subfield code="d">1758-1805.</subfield>
        </datafield>
        <datafield tag="852" ind1="0" ind2=" ">
            <subfield code="a">FTaSU</subfield>
            <subfield code="b">FSUSP</subfield>
            <subfield code="c">NAP</subfield>
            <subfield code="h">DA87.1.N487</subfield>
            <subfield code="i">S7</subfield>
        </datafield>
        <datafield tag="852" ind1="0" ind2=" ">
            <subfield code="a">FTaSU</subfield>
            <subfield code="b">FSUSP</subfield>
            <subfield code="c">NAP</subfield>
            <subfield code="h">DA87.1.N487</subfield>
            <subfield code="i">S7</subfield>
        </datafield>
        <datafield tag="951" ind1=" " ind2=" ">
            <subfield code="1">05</subfield>
            <subfield code="a">FSU01:002452497;</subfield>
            <subfield code="5">FTaSU</subfield>
        </datafield>
    </record>