
    <record>
        <leader>01203nam a2200289I 4500</leader>
        <controlfield tag="001">029325094</controlfield>
        <controlfield tag="004">FSABU3406001</controlfield>
        <controlfield tag="005">20071108155253.0</controlfield>
        <controlfield tag="008">790821m19059999fr 000|0 fre d</controlfield>
        <datafield tag="019" ind1=" " ind2=" ">
            <subfield code="a">5293500</subfield>
        </datafield>
        <datafield tag="035" ind1=" " ind2=" ">
            <subfield code="a">(OCoLC)07042351</subfield>
        </datafield>
        <datafield tag="040" ind1=" " ind2=" ">
            <subfield code="a">BUF</subfield>
            <subfield code="c">BUF</subfield>
            <subfield code="d">FDA</subfield>
        </datafield>
        <datafield tag="090" ind1=" " ind2=" ">
            <subfield code="a">DC231</subfield>
            <subfield code="b">.L26</subfield>
        </datafield>
        <datafield tag="100" ind1="1" ind2=" ">
            <subfield code="a">La Forest, Antoine René Charles Mathurin,</subfield>
            <subfield code="c">comte de,</subfield>
            <subfield code="d">1756-1846.</subfield>
        </datafield>
        <datafield tag="245" ind1="0" ind2="0">
            <subfield code="a">Correspondance du comte de la Forest,</subfield>
            <subfield code="b">ambassadeur de France en Espagne 1808-1813.</subfield>
            <subfield code="c">Pub. pour la Société d'histoire contemporaine par M. Geoffroy de
                Grandmaison.</subfield>
        </datafield>
        <datafield tag="260" ind1=" " ind2=" ">
            <subfield code="a">Paris,</subfield>
            <subfield code="b">A. Picard et fils,</subfield>
            <subfield code="c">1905-</subfield>
        </datafield>
        <datafield tag="300" ind1=" " ind2=" ">
            <subfield code="a">7 v.</subfield>
            <subfield code="b">front. (port.)</subfield>
            <subfield code="c">23 cm.</subfield>
        </datafield>
        <datafield tag="490" ind1="0" ind2=" ">
            <subfield code="a">Société d'histoire contemporaine. Publications, v. 34, 42, 45, 47,
                52, 55, 60</subfield>
            <subfield code="5">FTaSU</subfield>
        </datafield>
        <datafield tag="650" ind1=" " ind2="0">
            <subfield code="a">Peninsular War, 1807-1814.</subfield>
        </datafield>
        <datafield tag="651" ind1=" " ind2="0">
            <subfield code="a">Spain</subfield>
            <subfield code="x">History</subfield>
            <subfield code="y">Napoleonic Conquest, 1808-1813.</subfield>
        </datafield>
        <datafield tag="651" ind1=" " ind2="0">
            <subfield code="a">France</subfield>
            <subfield code="x">History</subfield>
            <subfield code="y">Consulate and First Empire, 1799-1815.</subfield>
        </datafield>
        <datafield tag="700" ind1="1" ind2=" ">
            <subfield code="a">Geoffroy de Grandmaison,</subfield>
            <subfield code="d">1858-1931.</subfield>
        </datafield>
        <datafield tag="852" ind1="0" ind2=" ">
            <subfield code="a">FTaSU</subfield>
            <subfield code="b">FSUSP</subfield>
            <subfield code="c">NAP</subfield>
            <subfield code="h">DC231</subfield>
            <subfield code="i">.L26</subfield>
        </datafield>
        <datafield tag="866" ind1="3" ind2="1">
            <subfield code="b">FSU STROZIER, Special Coll</subfield>
            <subfield code="c">Napoleon</subfield>
            <subfield code="h">DC231</subfield>
            <subfield code="i">.L26</subfield>
            <subfield code="a">t. 1-t. 7</subfield>
        </datafield>
        <datafield tag="852" ind1="0" ind2=" ">
            <subfield code="a">FTaSU</subfield>
            <subfield code="b">FSUSP</subfield>
            <subfield code="c">NAP</subfield>
            <subfield code="h">DC231</subfield>
            <subfield code="i">.L26</subfield>
        </datafield>
        <datafield tag="951" ind1=" " ind2=" ">
            <subfield code="1">05</subfield>
            <subfield code="a">FSU01:000411249;</subfield>
            <subfield code="5">FTaSU</subfield>
        </datafield>
        <datafield tag="999" ind1=" " ind2=" ">
            <subfield code="a">ABU3406001</subfield>
        </datafield>
    </record>