
    <record>
        <leader>01929nam a2200385Li 4500</leader>
        <controlfield tag="001">029330691</controlfield>
        <controlfield tag="004">FSAEK7912001</controlfield>
        <controlfield tag="005">20170120041700.0</controlfield>
        <controlfield tag="007">hgraob|||bzcu</controlfield>
        <controlfield tag="008">850916r19761815ctu c 000|0 eng d</controlfield>
        <datafield tag="035" ind1=" " ind2=" ">
            <subfield code="a">(OCoLC)15439185</subfield>
        </datafield>
        <datafield tag="040" ind1=" " ind2=" ">
            <subfield code="a">STF</subfield>
            <subfield code="c">STF</subfield>
        </datafield>
        <datafield tag="043" ind1=" " ind2=" ">
            <subfield code="a">n-us---</subfield>
        </datafield>
        <datafield tag="090" ind1=" " ind2=" ">
            <subfield code="a">Z1215</subfield>
            <subfield code="b">.S48</subfield>
        </datafield>
        <datafield tag="099" ind1=" " ind2=" ">
            <subfield code="a">Mip</subfield>
            <subfield code="a">51</subfield>
        </datafield>
        <datafield tag="245" ind1="0" ind2="4">
            <subfield code="a">The History of the war, between the United States and Great-Britain,
                which commenced in June, 1812, and closed in February, 1815 ...</subfield>
            <subfield code="h">[microform] :</subfield>
            <subfield code="b">compiled chiefly from public documents : with an appendix, containing
                the correspondence which passed ... in treating for peace : to which is added, the
                treaty of peace, and a list of vessels taken from G. Britain during the war
                /</subfield>
            <subfield code="c">compiled by J. Russell, Jr.</subfield>
        </datafield>
        <datafield tag="260" ind1=" " ind2=" ">
            <subfield code="a">Hartford [Conn.] :</subfield>
            <subfield code="b">B. &amp; J. Russell,</subfield>
            <subfield code="c">1815.</subfield>
        </datafield>
        <datafield tag="300" ind1=" " ind2=" ">
            <subfield code="a">464 p.</subfield>
        </datafield>
        <datafield tag="510" ind1="4" ind2=" ">
            <subfield code="a">Shaw &amp; Shoemaker,</subfield>
            <subfield code="c">35826.</subfield>
        </datafield>
        <datafield tag="533" ind1=" " ind2=" ">
            <subfield code="a">Microopaque.</subfield>
            <subfield code="b">New York, N.Y. :</subfield>
            <subfield code="c">Readex Microprint, courtesy of American Antiquarian
                Society,</subfield>
            <subfield code="d">1977.</subfield>
            <subfield code="e">5 microopaques ; 23 x 15 cm.</subfield>
            <subfield code="f">(Early American imprints. Second series ; no. 35826).</subfield>
            <subfield code="5">FTaSU</subfield>
        </datafield>
        <datafield tag="533" ind1=" " ind2=" ">
            <subfield code="a">Microfiche.</subfield>
            <subfield code="b">&lt;New Canaan, CT&gt; :</subfield>
            <subfield code="c">Readex Microprint,</subfield>
            <subfield code="d">&lt;1987-1992&gt;</subfield>
            <subfield code="f">(Early American imprints. Second series ; no. 35826)</subfield>
            <subfield code="5">FU</subfield>
        </datafield>
        <datafield tag="651" ind1=" " ind2="0">
            <subfield code="a">United States</subfield>
            <subfield code="x">History</subfield>
            <subfield code="y">War of 1812</subfield>
            <subfield code="x">Naval operations.</subfield>
        </datafield>
        <datafield tag="651" ind1=" " ind2="0">
            <subfield code="a">United States</subfield>
            <subfield code="x">History</subfield>
            <subfield code="y">War of 1812.</subfield>
        </datafield>
        <datafield tag="700" ind1="1" ind2=" ">
            <subfield code="a">Russell, J.</subfield>
            <subfield code="q">(John),</subfield>
            <subfield code="d">1793-1863.</subfield>
        </datafield>
        <datafield tag="700" ind1="1" ind2=" ">
            <subfield code="a">Russell, J.</subfield>
            <subfield code="q">(John),</subfield>
            <subfield code="d">1793-1863.</subfield>
        </datafield>
        <datafield tag="752" ind1=" " ind2=" ">
            <subfield code="a">United States</subfield>
            <subfield code="b">Connecticut</subfield>
            <subfield code="d">Hartford.</subfield>
        </datafield>
        <datafield tag="830" ind1=" " ind2="0">
            <subfield code="a">Early American imprints.</subfield>
            <subfield code="n">Second series</subfield>
            <subfield code="v">no. 35826.</subfield>
        </datafield>
        <datafield tag="852" ind1="4" ind2=" ">
            <subfield code="a">FTaSU</subfield>
            <subfield code="b">FSRS1</subfield>
            <subfield code="c">MICR</subfield>
            <subfield code="h">Mip 51 2nd series no.35826</subfield>
        </datafield>
        <datafield tag="852" ind1="0" ind2=" ">
            <subfield code="a">FU</subfield>
            <subfield code="b">UFSWE</subfield>
            <subfield code="c">MFE</subfield>
            <subfield code="h">Z1215</subfield>
            <subfield code="i">.S48 no. 35826</subfield>
        </datafield>
        <datafield tag="852" ind1="4" ind2=" ">
            <subfield code="a">FTaSU</subfield>
            <subfield code="b">FSRS1</subfield>
            <subfield code="c">MICR</subfield>
            <subfield code="h">Mip 51 2nd series no.35826</subfield>
        </datafield>
        <datafield tag="852" ind1="0" ind2=" ">
            <subfield code="a">FU</subfield>
            <subfield code="b">UFSWE</subfield>
            <subfield code="c">MFE</subfield>
            <subfield code="h">Z1215</subfield>
            <subfield code="i">.S48 no. 35826</subfield>
        </datafield>
        <datafield tag="951" ind1=" " ind2=" ">
            <subfield code="1">05</subfield>
            <subfield code="a">FSU01:000856360;</subfield>
            <subfield code="5">FTaSU</subfield>
        </datafield>
        <datafield tag="951" ind1=" " ind2=" ">
            <subfield code="1">08</subfield>
            <subfield code="a">UFU01:001410910;</subfield>
            <subfield code="5">FU</subfield>
        </datafield>
        <datafield tag="999" ind1=" " ind2=" ">
            <subfield code="a">AEK7912001</subfield>
        </datafield>
        <datafield tag="999" ind1=" " ind2=" ">
            <subfield code="a">AGS2559001</subfield>
        </datafield>
    </record>