
    <record>
        <leader>00951nam a2200253 a 4500</leader>
        <controlfield tag="001">029373144</controlfield>
        <controlfield tag="004">FSAHR8429001</controlfield>
        <controlfield tag="005">20120623065600.0</controlfield>
        <controlfield tag="008">940121s1902 hu 000|0 ger d</controlfield>
        <datafield tag="035" ind1=" " ind2=" ">
            <subfield code="a">(OCoLC)30653193</subfield>
        </datafield>
        <datafield tag="040" ind1=" " ind2=" ">
            <subfield code="a">FDA</subfield>
            <subfield code="c">FDA</subfield>
        </datafield>
        <datafield tag="090" ind1=" " ind2=" ">
            <subfield code="a">DB999.G96</subfield>
            <subfield code="b">A44 1902</subfield>
        </datafield>
        <datafield tag="100" ind1="1" ind2=" ">
            <subfield code="a">Alemann, E. von.</subfield>
        </datafield>
        <datafield tag="245" ind1="1" ind2="0">
            <subfield code="a">Monographie aller kriegerischen Ereignisse, welche sich in und bei
                Raab abspielten /</subfield>
            <subfield code="c">zusammengestellt von Dr. E. von Alemann und C. Ritter von
                Straub.</subfield>
        </datafield>
        <datafield tag="260" ind1=" " ind2=" ">
            <subfield code="a">Raab [Gyʺor] :</subfield>
            <subfield code="b">J. Nitsmann,</subfield>
            <subfield code="c">1902.</subfield>
        </datafield>
        <datafield tag="300" ind1=" " ind2=" ">
            <subfield code="a">108 p., [4] leaves of plates (folded) :</subfield>
            <subfield code="b">ill. ;</subfield>
            <subfield code="c">22 cm.</subfield>
        </datafield>
        <datafield tag="500" ind1=" " ind2=" ">
            <subfield code="a">Plates are maps and a plan.</subfield>
            <subfield code="5">FTaSU</subfield>
        </datafield>
        <datafield tag="504" ind1=" " ind2=" ">
            <subfield code="a">Includes bibliographical references.</subfield>
        </datafield>
        <datafield tag="651" ind1=" " ind2="0">
            <subfield code="a">Gyʺor (Hungary)</subfield>
            <subfield code="x">History, Military.</subfield>
        </datafield>
        <datafield tag="700" ind1="1" ind2=" ">
            <subfield code="a">Straub, C. Ritter von.</subfield>
        </datafield>
        <datafield tag="852" ind1="0" ind2=" ">
            <subfield code="a">FTaSU</subfield>
            <subfield code="b">FSUSP</subfield>
            <subfield code="c">NAP</subfield>
            <subfield code="h">DB999.G96</subfield>
            <subfield code="i">A44 1902</subfield>
        </datafield>
        <datafield tag="852" ind1="0" ind2=" ">
            <subfield code="a">FTaSU</subfield>
            <subfield code="b">FSUSP</subfield>
            <subfield code="c">NAP</subfield>
            <subfield code="h">DB999.G96</subfield>
            <subfield code="i">A44 1902</subfield>
        </datafield>
        <datafield tag="951" ind1=" " ind2=" ">
            <subfield code="1">05</subfield>
            <subfield code="a">FSU01:001368116;</subfield>
            <subfield code="5">FTaSU</subfield>
        </datafield>
        <datafield tag="999" ind1=" " ind2=" ">
            <subfield code="a">AHR8429001</subfield>
        </datafield>
    </record>