
    <record>
        <leader>01188nam a2200301 a 4500</leader>
        <controlfield tag="001">029373331</controlfield>
        <controlfield tag="004">FSAHR8440001</controlfield>
        <controlfield tag="005">20120623065600.0</controlfield>
        <controlfield tag="008">940121s1895 au 000|0 ger d</controlfield>
        <datafield tag="035" ind1=" " ind2=" ">
            <subfield code="a">(OCoLC)30796525</subfield>
        </datafield>
        <datafield tag="040" ind1=" " ind2=" ">
            <subfield code="a">FDA</subfield>
            <subfield code="c">FDA</subfield>
        </datafield>
        <datafield tag="041" ind1="0" ind2=" ">
            <subfield code="a">gerfre</subfield>
        </datafield>
        <datafield tag="090" ind1=" " ind2=" ">
            <subfield code="a">DB80.8.M57</subfield>
            <subfield code="b">B43</subfield>
        </datafield>
        <datafield tag="100" ind1="1" ind2=" ">
            <subfield code="a">Beer, Adolf,</subfield>
            <subfield code="d">1831-1902.</subfield>
        </datafield>
        <datafield tag="245" ind1="1" ind2="0">
            <subfield code="a">Zur Sendung Metternichs nach Paris im J. 1810 /</subfield>
            <subfield code="c">von Adolf Beer.</subfield>
        </datafield>
        <datafield tag="260" ind1=" " ind2=" ">
            <subfield code="a">Innsbruck :</subfield>
            <subfield code="b">Verlag der Wagner'schen Universitäts-Buchhandlung,</subfield>
            <subfield code="c">1895.</subfield>
        </datafield>
        <datafield tag="300" ind1=" " ind2=" ">
            <subfield code="a">p. [115]-124 ;</subfield>
            <subfield code="c">24 cm.</subfield>
        </datafield>
        <datafield tag="500" ind1=" " ind2=" ">
            <subfield code="a">Caption title.</subfield>
            <subfield code="5">FTaSU</subfield>
        </datafield>
        <datafield tag="500" ind1=" " ind2=" ">
            <subfield code="a">Detached from &quot;Mittheilungen des Instituts für oesterreichische
                Geschichtsforschung, XVI. Band. 1. Heft.&quot; Bound with periodical
                cover.</subfield>
            <subfield code="5">FTaSU</subfield>
        </datafield>
        <datafield tag="500" ind1=" " ind2=" ">
            <subfield code="a">Some excerpts from letters in French.</subfield>
            <subfield code="5">FTaSU</subfield>
        </datafield>
        <datafield tag="600" ind1="1" ind2="0">
            <subfield code="a">Metternich, Clemens Wenzel Lothar,</subfield>
            <subfield code="c">Fürst von,</subfield>
            <subfield code="d">1773-1859.</subfield>
        </datafield>
        <datafield tag="651" ind1=" " ind2="0">
            <subfield code="a">Austria</subfield>
            <subfield code="x">Politics and government</subfield>
            <subfield code="y">1789-1815.</subfield>
        </datafield>
        <datafield tag="651" ind1=" " ind2="0">
            <subfield code="a">Austria</subfield>
            <subfield code="x">Foreign relations</subfield>
            <subfield code="z">France.</subfield>
        </datafield>
        <datafield tag="651" ind1=" " ind2="0">
            <subfield code="a">France</subfield>
            <subfield code="x">Foreign relations</subfield>
            <subfield code="z">Austria.</subfield>
        </datafield>
        <datafield tag="852" ind1="0" ind2=" ">
            <subfield code="a">FTaSU</subfield>
            <subfield code="b">FSUSP</subfield>
            <subfield code="c">NAP</subfield>
            <subfield code="h">DB80.8.M57</subfield>
            <subfield code="i">B43</subfield>
        </datafield>
        <datafield tag="852" ind1="0" ind2=" ">
            <subfield code="a">FTaSU</subfield>
            <subfield code="b">FSUSP</subfield>
            <subfield code="c">NAP</subfield>
            <subfield code="h">DB80.8.M57</subfield>
            <subfield code="i">B43</subfield>
        </datafield>
        <datafield tag="951" ind1=" " ind2=" ">
            <subfield code="1">05</subfield>
            <subfield code="a">FSU01:001368127;</subfield>
            <subfield code="5">FTaSU</subfield>
        </datafield>
        <datafield tag="999" ind1=" " ind2=" ">
            <subfield code="a">AHR8440001</subfield>
        </datafield>
    </record>