
    <record>
        <leader>00968cam a2200229M 4500</leader>
        <controlfield tag="001">029376864</controlfield>
        <controlfield tag="004">FSAHR8698001</controlfield>
        <controlfield tag="005">20120623065700.0</controlfield>
        <controlfield tag="008">871201s1808 xx c 000|0 fre u</controlfield>
        <datafield tag="035" ind1=" " ind2=" ">
            <subfield code="a">(OCoLC)29092412</subfield>
        </datafield>
        <datafield tag="040" ind1=" " ind2=" ">
            <subfield code="c">MNU</subfield>
        </datafield>
        <datafield tag="090" ind1=" " ind2=" ">
            <subfield code="a">DC227</subfield>
            <subfield code="b">.L5 1808b</subfield>
        </datafield>
        <datafield tag="100" ind1="1" ind2=" ">
            <subfield code="a">Liger, A.</subfield>
        </datafield>
        <datafield tag="245" ind1="1" ind2="0">
            <subfield code="a">Histoire de la guerre des coalitions contre la France; contenant le
                détail des opérations de la grande-armée, sous les ordres de S.M. l'empereur et roi
                Napoléon, pandant le cours des campagnes de 1805, 1806 et 1807 :</subfield>
            <subfield code="b">avec une Notice géographique des lieux qui y sont cités.</subfield>
        </datafield>
        <datafield tag="260" ind1=" " ind2=" ">
            <subfield code="a">Maestricht :</subfield>
            <subfield code="b">Chez Théd. Nypels,</subfield>
            <subfield code="c">1808.</subfield>
        </datafield>
        <datafield tag="300" ind1=" " ind2=" ">
            <subfield code="a">2 v. in 1 :</subfield>
            <subfield code="b">port. ;</subfield>
            <subfield code="c">23 cm.</subfield>
        </datafield>
        <datafield tag="650" ind1=" " ind2="0">
            <subfield code="a">Napoleonic Wars, 1800-1815</subfield>
            <subfield code="x">Campaigns</subfield>
            <subfield code="z">Germany.</subfield>
        </datafield>
        <datafield tag="650" ind1=" " ind2="0">
            <subfield code="a">Napoleonic Wars, 1800-1815</subfield>
            <subfield code="x">Campaigns</subfield>
            <subfield code="z">Austria.</subfield>
        </datafield>
        <datafield tag="852" ind1="0" ind2=" ">
            <subfield code="a">FTaSU</subfield>
            <subfield code="b">FSUSP</subfield>
            <subfield code="c">NAP</subfield>
            <subfield code="h">DC227</subfield>
            <subfield code="i">.L5 1808b</subfield>
        </datafield>
        <datafield tag="852" ind1="0" ind2=" ">
            <subfield code="a">FTaSU</subfield>
            <subfield code="b">FSUSP</subfield>
            <subfield code="c">NAP</subfield>
            <subfield code="h">DC227</subfield>
            <subfield code="i">.L5 1808b</subfield>
        </datafield>
        <datafield tag="951" ind1=" " ind2=" ">
            <subfield code="1">05</subfield>
            <subfield code="a">FSU01:001368364;</subfield>
            <subfield code="5">FTaSU</subfield>
        </datafield>
        <datafield tag="999" ind1=" " ind2=" ">
            <subfield code="a">AHR8698001</subfield>
        </datafield>
    </record>