
    <record>
        <leader>00974nam a2200253Ii 4500</leader>
        <controlfield tag="001">029394191</controlfield>
        <controlfield tag="004">FSABU8211001</controlfield>
        <controlfield tag="005">20120623065800.0</controlfield>
        <controlfield tag="008">791008s1903 xx 000|0 freed</controlfield>
        <datafield tag="020" ind1=" " ind2=" ">
            <subfield code="c">$14.40</subfield>
        </datafield>
        <datafield tag="035" ind1=" " ind2=" ">
            <subfield code="a">(OCoLC)05503450</subfield>
        </datafield>
        <datafield tag="040" ind1=" " ind2=" ">
            <subfield code="a">COO</subfield>
            <subfield code="c">FDA</subfield>
            <subfield code="d">FDA</subfield>
        </datafield>
        <datafield tag="041" ind1="1" ind2=" ">
            <subfield code="a">freger</subfield>
        </datafield>
        <datafield tag="045" ind1=" " ind2=" ">
            <subfield code="a">v6w2</subfield>
        </datafield>
        <datafield tag="090" ind1=" " ind2=" ">
            <subfield code="a">DC235</subfield>
            <subfield code="b">.S544 1903</subfield>
        </datafield>
        <datafield tag="100" ind1="1" ind2=" ">
            <subfield code="a">Seydlitz, Anton Florian Friedrich,</subfield>
            <subfield code="c">Freiherr von,</subfield>
            <subfield code="d">1777-1832.</subfield>
        </datafield>
        <datafield tag="245" ind1="1" ind2="0">
            <subfield code="a">Campagne et defection du corps prussien de la Grande Armée
                :</subfield>
            <subfield code="b">France, Prusse et Russie en 1812 /</subfield>
            <subfield code="c">Colonel breveté Vermeil de Conchard ; traduit du journal du Général
                de Seydlitz ; avec introduction et trois cartes.</subfield>
        </datafield>
        <datafield tag="260" ind1=" " ind2=" ">
            <subfield code="a">Paris :</subfield>
            <subfield code="b">H. C. Lavauzelle,</subfield>
            <subfield code="c">[1903?]</subfield>
        </datafield>
        <datafield tag="300" ind1=" " ind2=" ">
            <subfield code="a">233 p. :</subfield>
            <subfield code="b">maps (2 fold.) ;</subfield>
            <subfield code="c">23 cm.</subfield>
        </datafield>
        <datafield tag="650" ind1=" " ind2="0">
            <subfield code="a">Napoleonic Wars, 1800-1815</subfield>
            <subfield code="x">Campaigns</subfield>
            <subfield code="z">Russia.</subfield>
        </datafield>
        <datafield tag="852" ind1="0" ind2=" ">
            <subfield code="a">FTaSU</subfield>
            <subfield code="b">FSUSP</subfield>
            <subfield code="c">NAP</subfield>
            <subfield code="h">DC235</subfield>
            <subfield code="i">.S544 1903</subfield>
        </datafield>
        <datafield tag="852" ind1="0" ind2=" ">
            <subfield code="a">FTaSU</subfield>
            <subfield code="b">FSUSP</subfield>
            <subfield code="c">NAP</subfield>
            <subfield code="h">DC235</subfield>
            <subfield code="i">.S544 1903</subfield>
        </datafield>
        <datafield tag="951" ind1=" " ind2=" ">
            <subfield code="1">05</subfield>
            <subfield code="a">FSU01:000415915;</subfield>
            <subfield code="5">FTaSU</subfield>
        </datafield>
        <datafield tag="999" ind1=" " ind2=" ">
            <subfield code="a">ABU8211001</subfield>
        </datafield>
    </record>