
    <record>
        <leader>01165nam a2200289I 4500</leader>
        <controlfield tag="001">029447671</controlfield>
        <controlfield tag="004">FSABV1933001</controlfield>
        <controlfield tag="005">20120623070300.0</controlfield>
        <controlfield tag="008">791113s1898 xx 000|0 free </controlfield>
        <datafield tag="010" ind1=" " ind2=" ">
            <subfield code="a"> 10026132 </subfield>
        </datafield>
        <datafield tag="035" ind1=" " ind2=" ">
            <subfield code="a">(OCoLC)05688513</subfield>
        </datafield>
        <datafield tag="040" ind1=" " ind2=" ">
            <subfield code="a">DLC</subfield>
            <subfield code="c">FDA</subfield>
            <subfield code="d">FDA</subfield>
        </datafield>
        <datafield tag="045" ind1=" " ind2=" ">
            <subfield code="a">v5w3</subfield>
        </datafield>
        <datafield tag="050" ind1=" " ind2=" ">
            <subfield code="a">DC146.L2</subfield>
            <subfield code="b">C5</subfield>
        </datafield>
        <datafield tag="100" ind1="1" ind2=" ">
            <subfield code="a">Charavay, Étienne,</subfield>
            <subfield code="d">1848-1899.</subfield>
        </datafield>
        <datafield tag="245" ind1="1" ind2="3">
            <subfield code="a">Le général La Fayette, 1757-1834.</subfield>
            <subfield code="b">Notice biographique,</subfield>
            <subfield code="c">par Étienne Charavay.</subfield>
        </datafield>
        <datafield tag="260" ind1=" " ind2=" ">
            <subfield code="a">Paris,</subfield>
            <subfield code="b">Au siège de la Société,</subfield>
            <subfield code="c">1898.</subfield>
        </datafield>
        <datafield tag="300" ind1=" " ind2=" ">
            <subfield code="a">viii, 653, [3] p.</subfield>
            <subfield code="b">front. illus. (incl. ports., facsims.) plates (part fold.; 1 col.)
                ports, fold. facsim.</subfield>
            <subfield code="c">25 cm.</subfield>
        </datafield>
        <datafield tag="500" ind1=" " ind2=" ">
            <subfield code="a">At head of title: Société de l'histoire de la révolution
                française.</subfield>
            <subfield code="5">FTaSU</subfield>
        </datafield>
        <datafield tag="504" ind1=" " ind2=" ">
            <subfield code="a">Bibliography: p. [600]-612.</subfield>
        </datafield>
        <datafield tag="600" ind1="1" ind2="0">
            <subfield code="a">Lafayette, Marie Joseph Paul Yves Roch Gilbert du Motier,</subfield>
            <subfield code="c">Marquis de,</subfield>
            <subfield code="d">1757-1834.</subfield>
        </datafield>
        <datafield tag="651" ind1=" " ind2="0">
            <subfield code="a">France</subfield>
            <subfield code="x">History</subfield>
            <subfield code="y">1789-1815.</subfield>
        </datafield>
        <datafield tag="710" ind1="2" ind2=" ">
            <subfield code="a">Société de l'histoire de la révolution française (Paris,
                France)</subfield>
        </datafield>
        <datafield tag="852" ind1="0" ind2=" ">
            <subfield code="a">FTaSU</subfield>
            <subfield code="b">FSUSP</subfield>
            <subfield code="c">NAP</subfield>
            <subfield code="h">DC146.L2</subfield>
            <subfield code="i">C5</subfield>
        </datafield>
        <datafield tag="852" ind1="0" ind2=" ">
            <subfield code="a">FTaSU</subfield>
            <subfield code="b">FSUSP</subfield>
            <subfield code="c">NAP</subfield>
            <subfield code="h">DC146.L2</subfield>
            <subfield code="i">C5</subfield>
        </datafield>
        <datafield tag="951" ind1=" " ind2=" ">
            <subfield code="1">05</subfield>
            <subfield code="a">FSU01:000419533;</subfield>
            <subfield code="5">FTaSU</subfield>
        </datafield>
        <datafield tag="999" ind1=" " ind2=" ">
            <subfield code="a">ABV1933001</subfield>
        </datafield>
    </record>