
    <record>
        <leader>00886nam a2200253I 4500</leader>
        <controlfield tag="001">029476049</controlfield>
        <controlfield tag="004">FSABV3981001</controlfield>
        <controlfield tag="005">20080602145916.0</controlfield>
        <controlfield tag="008">791203s1936 fr 000|0 fre d</controlfield>
        <datafield tag="035" ind1=" " ind2=" ">
            <subfield code="a">(OCoLC)05753087</subfield>
        </datafield>
        <datafield tag="040" ind1=" " ind2=" ">
            <subfield code="a">CLE</subfield>
            <subfield code="c">CLE</subfield>
            <subfield code="d">FDA</subfield>
        </datafield>
        <datafield tag="090" ind1=" " ind2=" ">
            <subfield code="a">DC216.4</subfield>
            <subfield code="b">.L3</subfield>
        </datafield>
        <datafield tag="092" ind1=" " ind2=" ">
            <subfield code="a">486</subfield>
            <subfield code="b">B55</subfield>
        </datafield>
        <datafield tag="100" ind1="1" ind2=" ">
            <subfield code="a">Lacretelle, Pierre de,</subfield>
            <subfield code="d">1886-1969.</subfield>
        </datafield>
        <datafield tag="245" ind1="1" ind2="0">
            <subfield code="a">Secrets et malheurs de la reine Hortense.</subfield>
        </datafield>
        <datafield tag="260" ind1=" " ind2=" ">
            <subfield code="a">[Paris]</subfield>
            <subfield code="b">Hachette</subfield>
            <subfield code="c">[1936]</subfield>
        </datafield>
        <datafield tag="300" ind1=" " ind2=" ">
            <subfield code="a">249 p.</subfield>
        </datafield>
        <datafield tag="490" ind1="0" ind2=" ">
            <subfield code="a">Le rayon d'histoire</subfield>
            <subfield code="5">FTaSU</subfield>
        </datafield>
        <datafield tag="500" ind1=" " ind2=" ">
            <subfield code="a">&quot;Sources&quot;: p. [245]-249.</subfield>
            <subfield code="5">FTaSU</subfield>
        </datafield>
        <datafield tag="600" ind1="0" ind2="0">
            <subfield code="a">Hortense,</subfield>
            <subfield code="c">Queen, consort of Louis Bonaparte, King of Holland,</subfield>
            <subfield code="d">1783-1837.</subfield>
        </datafield>
        <datafield tag="852" ind1="0" ind2=" ">
            <subfield code="a">FTaSU</subfield>
            <subfield code="b">FSUSP</subfield>
            <subfield code="c">NAP</subfield>
            <subfield code="h">DC216.4</subfield>
            <subfield code="i">.L3</subfield>
            <subfield code="x">Redesignated from subbasement 10/03/2006 rjm</subfield>
        </datafield>
        <datafield tag="852" ind1="0" ind2=" ">
            <subfield code="a">FTaSU</subfield>
            <subfield code="b">FSUSP</subfield>
            <subfield code="c">NAP</subfield>
            <subfield code="h">DC216.4</subfield>
            <subfield code="i">.L3</subfield>
            <subfield code="x">Redesignated from subbasement 10/03/2006 rjm</subfield>
        </datafield>
        <datafield tag="951" ind1=" " ind2=" ">
            <subfield code="1">05</subfield>
            <subfield code="a">FSU01:000421528;</subfield>
            <subfield code="5">FTaSU</subfield>
        </datafield>
        <datafield tag="999" ind1=" " ind2=" ">
            <subfield code="a">ABV3981001</subfield>
        </datafield>
    </record>