
    <record>
        <leader>01357nam a2200301Ii 4500</leader>
        <controlfield tag="001">029482565</controlfield>
        <controlfield tag="004">FSABV4460001</controlfield>
        <controlfield tag="005">20120623070600.0</controlfield>
        <controlfield tag="008">791207s1979 ncua 100|0 eng d</controlfield>
        <datafield tag="019" ind1=" " ind2=" ">
            <subfield code="a">5770560</subfield>
        </datafield>
        <datafield tag="035" ind1=" " ind2=" ">
            <subfield code="a">(OCoLC)12416262</subfield>
        </datafield>
        <datafield tag="040" ind1=" " ind2=" ">
            <subfield code="a">MFM</subfield>
            <subfield code="c">MFM</subfield>
            <subfield code="d">m.c.</subfield>
            <subfield code="d">FDA</subfield>
        </datafield>
        <datafield tag="043" ind1=" " ind2=" ">
            <subfield code="a">n-usu</subfield>
        </datafield>
        <datafield tag="090" ind1=" " ind2=" ">
            <subfield code="a">TD388.A1</subfield>
            <subfield code="b">S68 1978</subfield>
        </datafield>
        <datafield tag="111" ind1="2" ind2=" ">
            <subfield code="a">Southeast Conference on Water Conservation and Alternative Water
                Supplies</subfield>
            <subfield code="d">(1978 :</subfield>
            <subfield code="c">Georgia Institute of Technology).</subfield>
        </datafield>
        <datafield tag="245" ind1="1" ind2="2">
            <subfield code="a">A summary report, Southeast Conference on Water Conservation and
                Alternative Water Supplies :</subfield>
            <subfield code="b">held at Georgia Institute of Technology, Atlanta, Georgia, November
                8-9, 1978, /</subfield>
            <subfield code="c">prepared by David H. Howells.</subfield>
        </datafield>
        <datafield tag="260" ind1=" " ind2=" ">
            <subfield code="a">[Chapel Hill] :</subfield>
            <subfield code="b">Water Resources Research Institute, The University of North
                Carolina,</subfield>
            <subfield code="c">[1979]</subfield>
        </datafield>
        <datafield tag="300" ind1=" " ind2=" ">
            <subfield code="a">v, 43 p. :</subfield>
            <subfield code="b">ill. ;</subfield>
            <subfield code="c">29 cm.</subfield>
        </datafield>
        <datafield tag="440" ind1=" " ind2="0">
            <subfield code="a">Southeast water resources ;</subfield>
            <subfield code="v">v. 1, no. 2</subfield>
            <subfield code="5">FTaSU</subfield>
        </datafield>
        <datafield tag="500" ind1=" " ind2=" ">
            <subfield code="a">Conference co-chairmen: Bernd Kahn, James R. Wallace.</subfield>
            <subfield code="5">FTaSU</subfield>
        </datafield>
        <datafield tag="650" ind1=" " ind2="0">
            <subfield code="a">Water conservation</subfield>
            <subfield code="z">Southern States</subfield>
            <subfield code="x">Congresses.</subfield>
        </datafield>
        <datafield tag="650" ind1=" " ind2="0">
            <subfield code="a">Water-supply</subfield>
            <subfield code="z">Southern States</subfield>
            <subfield code="x">Congresses.</subfield>
        </datafield>
        <datafield tag="700" ind1="1" ind2=" ">
            <subfield code="a">Howells, David H.</subfield>
        </datafield>
        <datafield tag="740" ind1="0" ind2=" ">
            <subfield code="a">Water resources and alternative water supplies.</subfield>
        </datafield>
        <datafield tag="852" ind1="0" ind2=" ">
            <subfield code="a">FTaSU</subfield>
            <subfield code="b">FSUSC</subfield>
            <subfield code="c">GEN</subfield>
            <subfield code="h">TD388.A1</subfield>
            <subfield code="i">S68 1978</subfield>
        </datafield>
        <datafield tag="852" ind1="0" ind2=" ">
            <subfield code="a">FTaSU</subfield>
            <subfield code="b">FSUSC</subfield>
            <subfield code="c">GEN</subfield>
            <subfield code="h">TD388.A1</subfield>
            <subfield code="i">S68 1978</subfield>
        </datafield>
        <datafield tag="951" ind1=" " ind2=" ">
            <subfield code="1">05</subfield>
            <subfield code="a">FSU01:000421997;</subfield>
            <subfield code="5">FTaSU</subfield>
        </datafield>
        <datafield tag="999" ind1=" " ind2=" ">
            <subfield code="a">ABV4460001</subfield>
        </datafield>
    </record>