
    <record>
        <leader>01019nam a2200265Ii 4500</leader>
        <controlfield tag="001">029529235</controlfield>
        <controlfield tag="004">FSABV7561001</controlfield>
        <controlfield tag="005">20120623070900.0</controlfield>
        <controlfield tag="008">800118r1969 enkf bc 000|0dfre d</controlfield>
        <datafield tag="035" ind1=" " ind2=" ">
            <subfield code="a">(OCoLC)05883382</subfield>
        </datafield>
        <datafield tag="040" ind1=" " ind2=" ">
            <subfield code="a">TEU</subfield>
            <subfield code="c">TEU</subfield>
            <subfield code="d">FDA</subfield>
        </datafield>
        <datafield tag="090" ind1=" " ind2=" ">
            <subfield code="a">DC197.5</subfield>
            <subfield code="b">.D37</subfield>
        </datafield>
        <datafield tag="100" ind1="1" ind2=" ">
            <subfield code="a">David, Yvan.</subfield>
        </datafield>
        <datafield tag="245" ind1="1" ind2="0">
            <subfield code="a">Napoléon et la famille impériale :</subfield>
            <subfield code="b">[exposition] Musée Fesch, Ajaccio, juillet-septembre 1969
                /</subfield>
            <subfield code="c">[catalogue par David Yvan].</subfield>
        </datafield>
        <datafield tag="260" ind1=" " ind2=" ">
            <subfield code="a">[Paris] :</subfield>
            <subfield code="b">Réunion des musées nationaux,</subfield>
            <subfield code="c">1969.</subfield>
        </datafield>
        <datafield tag="300" ind1=" " ind2=" ">
            <subfield code="a">[xiv] 55 p., [16] leaves of plates :</subfield>
            <subfield code="b">ill. ;</subfield>
            <subfield code="c">21 cm.</subfield>
        </datafield>
        <datafield tag="500" ind1=" " ind2=" ">
            <subfield code="a">&quot;Exposition organisée par la Réunion des musées
                nationaux.&quot;</subfield>
            <subfield code="5">FTaSU</subfield>
        </datafield>
        <datafield tag="600" ind1="0" ind2="0">
            <subfield code="a">Napoleon</subfield>
            <subfield code="b">I,</subfield>
            <subfield code="c">Emperor of the French,</subfield>
            <subfield code="d">1769-1821</subfield>
            <subfield code="v">Exhibitions.</subfield>
        </datafield>
        <datafield tag="600" ind1="3" ind2="0">
            <subfield code="a">Bonaparte family</subfield>
            <subfield code="x">Portraits.</subfield>
        </datafield>
        <datafield tag="710" ind1="2" ind2=" ">
            <subfield code="a">Musée Fesch.</subfield>
        </datafield>
        <datafield tag="710" ind1="2" ind2=" ">
            <subfield code="a">Réunion des musées nationaux (France)</subfield>
        </datafield>
        <datafield tag="852" ind1="0" ind2=" ">
            <subfield code="a">FTaSU</subfield>
            <subfield code="b">FSULC</subfield>
            <subfield code="c">SUB</subfield>
            <subfield code="h">DC197.5</subfield>
            <subfield code="i">.D37</subfield>
        </datafield>
        <datafield tag="852" ind1="0" ind2=" ">
            <subfield code="a">FTaSU</subfield>
            <subfield code="b">FSULC</subfield>
            <subfield code="c">SUB</subfield>
            <subfield code="h">DC197.5</subfield>
            <subfield code="i">.D37</subfield>
        </datafield>
        <datafield tag="951" ind1=" " ind2=" ">
            <subfield code="1">05</subfield>
            <subfield code="a">FSU01:000425018;</subfield>
            <subfield code="5">FTaSU</subfield>
        </datafield>
        <datafield tag="999" ind1=" " ind2=" ">
            <subfield code="a">ABV7561001</subfield>
        </datafield>
    </record>