
    <record>
        <leader>01468nam a2200349Li 4500</leader>
        <controlfield tag="001">029621192</controlfield>
        <controlfield tag="004">UFAGU0435001</controlfield>
        <controlfield tag="005">20170120121000.0</controlfield>
        <controlfield tag="007">hgraob|||bzcu</controlfield>
        <controlfield tag="008">840314r19751814mauc c 000|0beng d</controlfield>
        <datafield tag="035" ind1=" " ind2=" ">
            <subfield code="a">(OCoLC)15457314</subfield>
        </datafield>
        <datafield tag="040" ind1=" " ind2=" ">
            <subfield code="a">STF</subfield>
            <subfield code="c">STF</subfield>
            <subfield code="d">m.c.</subfield>
        </datafield>
        <datafield tag="090" ind1=" " ind2=" ">
            <subfield code="a">Z1215</subfield>
            <subfield code="b">.S48</subfield>
        </datafield>
        <datafield tag="099" ind1=" " ind2=" ">
            <subfield code="a">Mip</subfield>
            <subfield code="a">51</subfield>
        </datafield>
        <datafield tag="100" ind1="1" ind2=" ">
            <subfield code="a">Southey, Robert,</subfield>
            <subfield code="d">1774-1843.</subfield>
        </datafield>
        <datafield tag="245" ind1="1" ind2="4">
            <subfield code="a">The life of Nelson</subfield>
            <subfield code="h">[microform] :</subfield>
            <subfield code="b">with alterations /</subfield>
            <subfield code="c">by Robert Southey.</subfield>
        </datafield>
        <datafield tag="260" ind1=" " ind2=" ">
            <subfield code="a">Boston :</subfield>
            <subfield code="b">E.G. House,</subfield>
            <subfield code="c">1814.</subfield>
        </datafield>
        <datafield tag="300" ind1=" " ind2=" ">
            <subfield code="a">187 p. :</subfield>
            <subfield code="b">port.</subfield>
        </datafield>
        <datafield tag="510" ind1="4" ind2=" ">
            <subfield code="a">Shaw &amp; Shoemaker,</subfield>
            <subfield code="c">32825.</subfield>
        </datafield>
        <datafield tag="533" ind1=" " ind2=" ">
            <subfield code="a">Microopaque.</subfield>
            <subfield code="b">New York, N.Y. :</subfield>
            <subfield code="c">Readex Microprint, courtesy of American Antiquarian
                Society,</subfield>
            <subfield code="d">1976.</subfield>
            <subfield code="e">2 microopaques ; 23 x 15 cm.</subfield>
            <subfield code="f">(Early American imprints. Second series ; no. 32825)</subfield>
            <subfield code="5">FTaSU</subfield>
        </datafield>
        <datafield tag="533" ind1=" " ind2=" ">
            <subfield code="a">Microfiche.</subfield>
            <subfield code="b">&lt;New Canaan, CT&gt; :</subfield>
            <subfield code="c">Readex Microprint,</subfield>
            <subfield code="d">&lt;1987-1992&gt;</subfield>
            <subfield code="e">11 x 15 cm.</subfield>
            <subfield code="f">(Early American imprints. Second series ; no. 32825)</subfield>
            <subfield code="5">FU</subfield>
        </datafield>
        <datafield tag="600" ind1="1" ind2="0">
            <subfield code="a">Nelson, Horatio Nelson,</subfield>
            <subfield code="c">Viscount,</subfield>
            <subfield code="d">1758-1805.</subfield>
        </datafield>
        <datafield tag="752" ind1=" " ind2=" ">
            <subfield code="a">United States</subfield>
            <subfield code="b">Massachusetts</subfield>
            <subfield code="d">Boston.</subfield>
        </datafield>
        <datafield tag="830" ind1=" " ind2="0">
            <subfield code="a">Early American imprints.</subfield>
            <subfield code="n">Second series</subfield>
            <subfield code="v">no. 32825.</subfield>
        </datafield>
        <datafield tag="852" ind1="0" ind2=" ">
            <subfield code="a">FU</subfield>
            <subfield code="b">UFSWE</subfield>
            <subfield code="c">MFE</subfield>
            <subfield code="h">Z1215</subfield>
            <subfield code="i">.S48 no. 32825</subfield>
        </datafield>
        <datafield tag="852" ind1="4" ind2=" ">
            <subfield code="a">FTaSU</subfield>
            <subfield code="b">FSRS1</subfield>
            <subfield code="c">MICR</subfield>
            <subfield code="h">Mip 51 2nd series,no.32825</subfield>
        </datafield>
        <datafield tag="852" ind1="0" ind2=" ">
            <subfield code="a">FU</subfield>
            <subfield code="b">UFSWE</subfield>
            <subfield code="c">MFE</subfield>
            <subfield code="h">Z1215</subfield>
            <subfield code="i">.S48 no. 32825</subfield>
        </datafield>
        <datafield tag="852" ind1="4" ind2=" ">
            <subfield code="a">FTaSU</subfield>
            <subfield code="b">FSRS1</subfield>
            <subfield code="c">MICR</subfield>
            <subfield code="h">Mip 51 2nd series,no.32825</subfield>
        </datafield>
        <datafield tag="951" ind1=" " ind2=" ">
            <subfield code="1">05</subfield>
            <subfield code="a">FSU01:000874242;</subfield>
            <subfield code="5">FTaSU</subfield>
        </datafield>
        <datafield tag="951" ind1=" " ind2=" ">
            <subfield code="1">08</subfield>
            <subfield code="a">UFU01:001428783;</subfield>
            <subfield code="5">FU</subfield>
        </datafield>
        <datafield tag="999" ind1=" " ind2=" ">
            <subfield code="a">AGU0435001</subfield>
        </datafield>
        <datafield tag="999" ind1=" " ind2=" ">
            <subfield code="a">AEM5797001</subfield>
        </datafield>
    </record>