
    <record>
        <leader>00937nam a2200265Ii 4500</leader>
        <controlfield tag="001">029733485</controlfield>
        <controlfield tag="004">FSABX3033001</controlfield>
        <controlfield tag="005">20071109082459.0</controlfield>
        <controlfield tag="008">800618m18091823xx 000|0 pored</controlfield>
        <datafield tag="035" ind1=" " ind2=" ">
            <subfield code="a">(OCoLC)06436810</subfield>
        </datafield>
        <datafield tag="040" ind1=" " ind2=" ">
            <subfield code="a">ICN</subfield>
            <subfield code="c">FDA</subfield>
            <subfield code="d">FDA</subfield>
        </datafield>
        <datafield tag="090" ind1=" " ind2=" ">
            <subfield code="a">DC231</subfield>
            <subfield code="b">.P67</subfield>
        </datafield>
        <datafield tag="110" ind1="1" ind2=" ">
            <subfield code="a">Portugal.</subfield>
            <subfield code="b">Exército.</subfield>
        </datafield>
        <datafield tag="245" ind1="1" ind2="0">
            <subfield code="a">Collecç�ao das Ordens do dia /</subfield>
            <subfield code="c">do Guilherme Carr Beresford.</subfield>
        </datafield>
        <datafield tag="250" ind1=" " ind2=" ">
            <subfield code="a">Anno 1809-[1823].</subfield>
        </datafield>
        <datafield tag="260" ind1=" " ind2=" ">
            <subfield code="a">Lisboa :</subfield>
            <subfield code="b">por Antonio Nunes dos Santos,</subfield>
            <subfield code="c">1809?-[1823].</subfield>
        </datafield>
        <datafield tag="300" ind1=" " ind2=" ">
            <subfield code="a">12 v. ;</subfield>
            <subfield code="c">21 cm.</subfield>
        </datafield>
        <datafield tag="590" ind1=" " ind2=" ">
            <subfield code="a">Gift of Dr. Donald D. Horward in memory of Dr. Robert D.
                Lawton.</subfield>
            <subfield code="5">FTaSU</subfield>
        </datafield>
        <datafield tag="650" ind1=" " ind2="0">
            <subfield code="a">Peninsular War, 1807-1814.</subfield>
        </datafield>
        <datafield tag="700" ind1="1" ind2=" ">
            <subfield code="a">Beresford, William Carr,</subfield>
            <subfield code="c">Viscount,</subfield>
            <subfield code="d">1768-1854.</subfield>
        </datafield>
        <datafield tag="852" ind1="0" ind2=" ">
            <subfield code="a">FTaSU</subfield>
            <subfield code="b">FSUSP</subfield>
            <subfield code="c">NAP</subfield>
            <subfield code="h">DC231</subfield>
            <subfield code="i">.P67</subfield>
        </datafield>
        <datafield tag="866" ind1="3" ind2="1">
            <subfield code="b">FSU STROZIER, Special Coll</subfield>
            <subfield code="c">Napoleon</subfield>
            <subfield code="h">DC231</subfield>
            <subfield code="i">.P67</subfield>
            <subfield code="a">1811-1812</subfield>
        </datafield>
        <datafield tag="852" ind1="0" ind2=" ">
            <subfield code="a">FTaSU</subfield>
            <subfield code="b">FSUSP</subfield>
            <subfield code="c">NAP</subfield>
            <subfield code="h">DC231</subfield>
            <subfield code="i">.P67</subfield>
        </datafield>
        <datafield tag="951" ind1=" " ind2=" ">
            <subfield code="1">05</subfield>
            <subfield code="a">FSU01:000440083;</subfield>
            <subfield code="5">FTaSU</subfield>
        </datafield>
        <datafield tag="999" ind1=" " ind2=" ">
            <subfield code="a">ABX3033001</subfield>
        </datafield>
    </record>