
    <record>
        <leader>01085cam a2200313 i 4500</leader>
        <controlfield tag="001">029864442</controlfield>
        <controlfield tag="004">FSABY3462001</controlfield>
        <controlfield tag="005">20120623073700.0</controlfield>
        <controlfield tag="008">810305s1979 sp b 000|0 spa </controlfield>
        <datafield tag="010" ind1=" " ind2=" ">
            <subfield code="a"> 80113575 //r83</subfield>
        </datafield>
        <datafield tag="015" ind1=" " ind2=" ">
            <subfield code="a">Sp***</subfield>
        </datafield>
        <datafield tag="020" ind1=" " ind2=" ">
            <subfield code="a">8427604874 :</subfield>
            <subfield code="c">400ptas</subfield>
        </datafield>
        <datafield tag="035" ind1=" " ind2=" ">
            <subfield code="a">(OCoLC)06878244</subfield>
        </datafield>
        <datafield tag="040" ind1=" " ind2=" ">
            <subfield code="a">DLC</subfield>
            <subfield code="c">DLC</subfield>
            <subfield code="d">m.c.</subfield>
            <subfield code="d">FDA</subfield>
        </datafield>
        <datafield tag="043" ind1=" " ind2=" ">
            <subfield code="a">e-fr---</subfield>
            <subfield code="a">e-uk---</subfield>
            <subfield code="a">ei-----</subfield>
        </datafield>
        <datafield tag="050" ind1="0" ind2=" ">
            <subfield code="a">DC231</subfield>
            <subfield code="b">.G94</subfield>
        </datafield>
        <datafield tag="082" ind1="0" ind2=" ">
            <subfield code="a">940.2/7</subfield>
            <subfield code="2">19</subfield>
        </datafield>
        <datafield tag="245" ind1="0" ind2="0">
            <subfield code="a">Guerra de la independencia :</subfield>
            <subfield code="b">proclamas, bandos y combatientes /</subfield>
            <subfield code="c">edición de Sabino Delgado.</subfield>
        </datafield>
        <datafield tag="260" ind1=" " ind2=" ">
            <subfield code="a">Madrid :</subfield>
            <subfield code="b">Editora Nacional,</subfield>
            <subfield code="c">[c1979]</subfield>
        </datafield>
        <datafield tag="300" ind1=" " ind2=" ">
            <subfield code="a">421 p. ;</subfield>
            <subfield code="c">21 cm.</subfield>
        </datafield>
        <datafield tag="490" ind1="1" ind2=" ">
            <subfield code="a">Biblioteca de visionarios heterodoxos y marginados ;</subfield>
            <subfield code="v">2. ser., 7</subfield>
            <subfield code="5">FTaSU</subfield>
        </datafield>
        <datafield tag="504" ind1=" " ind2=" ">
            <subfield code="a">Includes bibliographical references.</subfield>
        </datafield>
        <datafield tag="650" ind1=" " ind2="0">
            <subfield code="a">Peninsular War, 1807-1814</subfield>
            <subfield code="x">Sources.</subfield>
        </datafield>
        <datafield tag="700" ind1="1" ind2=" ">
            <subfield code="a">Delgado, Sabino.</subfield>
        </datafield>
        <datafield tag="830" ind1=" " ind2="0">
            <subfield code="a">Biblioteca de visionarios, heterodoxos y marginados ;</subfield>
            <subfield code="v">2a ser., 7.</subfield>
        </datafield>
        <datafield tag="852" ind1="0" ind2=" ">
            <subfield code="a">FTaSU</subfield>
            <subfield code="b">FSULC</subfield>
            <subfield code="c">SUB</subfield>
            <subfield code="h">DC231</subfield>
            <subfield code="i">.G94</subfield>
        </datafield>
        <datafield tag="852" ind1="0" ind2=" ">
            <subfield code="a">FTaSU</subfield>
            <subfield code="b">FSULC</subfield>
            <subfield code="c">SUB</subfield>
            <subfield code="h">DC231</subfield>
            <subfield code="i">.G94</subfield>
        </datafield>
        <datafield tag="951" ind1=" " ind2=" ">
            <subfield code="1">05</subfield>
            <subfield code="a">FSU01:000450224;</subfield>
            <subfield code="5">FTaSU</subfield>
        </datafield>
        <datafield tag="999" ind1=" " ind2=" ">
            <subfield code="a">ABY3462001</subfield>
        </datafield>
    </record>