
    <record>
        <leader>01443nam a2200289I 4500</leader>
        <controlfield tag="001">029888496</controlfield>
        <controlfield tag="004">FSABY5533001</controlfield>
        <controlfield tag="005">20120623073900.0</controlfield>
        <controlfield tag="008">801125m18241826fr a 000|0 fre </controlfield>
        <datafield tag="010" ind1=" " ind2=" ">
            <subfield code="a"> 02014187 </subfield>
        </datafield>
        <datafield tag="035" ind1=" " ind2=" ">
            <subfield code="a">(OCoLC)06972283</subfield>
        </datafield>
        <datafield tag="040" ind1=" " ind2=" ">
            <subfield code="a">DLC</subfield>
            <subfield code="c">CLE</subfield>
            <subfield code="d">FDA</subfield>
        </datafield>
        <datafield tag="090" ind1=" " ind2=" ">
            <subfield code="a">DC234</subfield>
            <subfield code="b">.P37</subfield>
        </datafield>
        <datafield tag="100" ind1="1" ind2=" ">
            <subfield code="a">Pelet, Jean Jacques Germain,</subfield>
            <subfield code="c">baron,</subfield>
            <subfield code="d">1777-1858.</subfield>
        </datafield>
        <datafield tag="245" ind1="0" ind2="0">
            <subfield code="a">Mémoires sur la guerre de 1809,</subfield>
            <subfield code="b">en Allemagne, avec les opérations particulières des corps d'Italie,
                de Pologne, de Saxe, de Naples et de Walcheren;</subfield>
            <subfield code="c">par le général Pelet, d'après son journal fort détaillé de la
                campagne d'Allemagne; ses reconnaissances et ses divers travaux; la correspondance
                de Napoléon avec le major-général, les maréchaux, les commandans en chef, etc.;
                accompagnés de pièces justificatives et inédites ...</subfield>
        </datafield>
        <datafield tag="260" ind1=" " ind2=" ">
            <subfield code="a">Paris,</subfield>
            <subfield code="b">Roret,</subfield>
            <subfield code="c">1824-26.</subfield>
        </datafield>
        <datafield tag="300" ind1=" " ind2=" ">
            <subfield code="a">4 v.</subfield>
            <subfield code="b">fold. tab.</subfield>
            <subfield code="c">21 cm.</subfield>
        </datafield>
        <datafield tag="500" ind1=" " ind2=" ">
            <subfield code="a">Half-title: Mémoires sur les guerres de Napoléon en Europe, depuis
                1796 jusqu'en 1815.</subfield>
            <subfield code="5">FTaSU</subfield>
        </datafield>
        <datafield tag="852" ind1="0" ind2=" ">
            <subfield code="a">FTaSU</subfield>
            <subfield code="b">FSUSP</subfield>
            <subfield code="c">NAP</subfield>
            <subfield code="h">DC234</subfield>
            <subfield code="i">.P37 1824</subfield>
        </datafield>
        <datafield tag="866" ind1="3" ind2="1">
            <subfield code="b">FSU STROZIER, Special Coll</subfield>
            <subfield code="c">Napoleon</subfield>
            <subfield code="h">DC234</subfield>
            <subfield code="i">.P37 1824</subfield>
            <subfield code="a">t. 1-3</subfield>
        </datafield>
        <datafield tag="852" ind1="0" ind2=" ">
            <subfield code="a">FTaSU</subfield>
            <subfield code="b">FSUSP</subfield>
            <subfield code="c">NAP</subfield>
            <subfield code="h">DC234</subfield>
            <subfield code="i">.P37</subfield>
        </datafield>
        <datafield tag="866" ind1="3" ind2="1">
            <subfield code="b">FSU STROZIER, Special Coll</subfield>
            <subfield code="c">Napoleon</subfield>
            <subfield code="h">DC234</subfield>
            <subfield code="i">.P37</subfield>
            <subfield code="8">0</subfield>
            <subfield code="a">t.1-4</subfield>
        </datafield>
        <datafield tag="852" ind1="0" ind2=" ">
            <subfield code="a">FTaSU</subfield>
            <subfield code="b">FSUSP</subfield>
            <subfield code="c">NAP</subfield>
            <subfield code="h">DC234</subfield>
            <subfield code="i">.P37 1824</subfield>
        </datafield>
        <datafield tag="852" ind1="0" ind2=" ">
            <subfield code="a">FTaSU</subfield>
            <subfield code="b">FSUSP</subfield>
            <subfield code="c">NAP</subfield>
            <subfield code="h">DC234</subfield>
            <subfield code="i">.P37</subfield>
        </datafield>
        <datafield tag="951" ind1=" " ind2=" ">
            <subfield code="1">05</subfield>
            <subfield code="a">FSU01:000452240;</subfield>
            <subfield code="5">FTaSU</subfield>
        </datafield>
        <datafield tag="999" ind1=" " ind2=" ">
            <subfield code="a">ABY5533001</subfield>
        </datafield>
        <datafield tag="999" ind1=" " ind2=" ">
            <subfield code="a">ABY5533002</subfield>
        </datafield>
    </record>