
    <record>
        <leader>01118nam a2200265K 4500</leader>
        <controlfield tag="001">029902092</controlfield>
        <controlfield tag="004">FSABY6531001</controlfield>
        <controlfield tag="005">20120623074000.0</controlfield>
        <controlfield tag="008">801210s1900 fr bch 000|0 fre d</controlfield>
        <datafield tag="035" ind1=" " ind2=" ">
            <subfield code="a">(OCoLC)07021160</subfield>
        </datafield>
        <datafield tag="040" ind1=" " ind2=" ">
            <subfield code="a">CLE</subfield>
            <subfield code="c">CLE</subfield>
            <subfield code="d">FDA</subfield>
        </datafield>
        <datafield tag="090" ind1=" " ind2=" ">
            <subfield code="a">DC198.F6</subfield>
            <subfield code="b">G57</subfield>
        </datafield>
        <datafield tag="100" ind1="1" ind2=" ">
            <subfield code="a">Girod de l'Ain, Maurice,</subfield>
            <subfield code="d">b. 1854.</subfield>
        </datafield>
        <datafield tag="245" ind1="1" ind2="0">
            <subfield code="a">Vie militaire du général Foy.</subfield>
            <subfield code="b">Ouvrage accompagné de deux portraits en héliogravure, six cartes et
                trois fac-simile d'autographes.</subfield>
        </datafield>
        <datafield tag="260" ind1=" " ind2=" ">
            <subfield code="a">Paris,</subfield>
            <subfield code="b">Plon, Nourrit,</subfield>
            <subfield code="c">1900.</subfield>
        </datafield>
        <datafield tag="300" ind1=" " ind2=" ">
            <subfield code="a">431 p.</subfield>
            <subfield code="b">ports, (incl. front.) maps. (fold.) facsims. (fold)</subfield>
        </datafield>
        <datafield tag="590" ind1=" " ind2=" ">
            <subfield code="a">Napoleon Collection copy annotated by C.T. Atkinson, Peninsular War
                historian.</subfield>
            <subfield code="5">FTaSU</subfield>
        </datafield>
        <datafield tag="600" ind1="1" ind2="0">
            <subfield code="a">Foy, Maximilien,</subfield>
            <subfield code="c">comte,</subfield>
            <subfield code="d">1775-1825.</subfield>
        </datafield>
        <datafield tag="852" ind1="0" ind2=" ">
            <subfield code="a">FTaSU</subfield>
            <subfield code="b">FSUSP</subfield>
            <subfield code="c">NAP</subfield>
            <subfield code="h">DC198.F6</subfield>
            <subfield code="i">G57</subfield>
            <subfield code="t">2</subfield>
            <subfield code="x">Redesignated from subbasement 10/05/2006 rjm</subfield>
        </datafield>
        <datafield tag="852" ind1="0" ind2=" ">
            <subfield code="a">FTaSU</subfield>
            <subfield code="b">FSUSP</subfield>
            <subfield code="c">NAP</subfield>
            <subfield code="h">DC198.F6</subfield>
            <subfield code="i">G57</subfield>
        </datafield>
        <datafield tag="852" ind1="0" ind2=" ">
            <subfield code="a">FTaSU</subfield>
            <subfield code="b">FSUSP</subfield>
            <subfield code="c">NAP</subfield>
            <subfield code="h">DC198.F6</subfield>
            <subfield code="i">G57</subfield>
            <subfield code="t">2</subfield>
            <subfield code="x">Redesignated from subbasement 10/05/2006 rjm</subfield>
        </datafield>
        <datafield tag="852" ind1="0" ind2=" ">
            <subfield code="a">FTaSU</subfield>
            <subfield code="b">FSUSP</subfield>
            <subfield code="c">NAP</subfield>
            <subfield code="h">DC198.F6</subfield>
            <subfield code="i">G57</subfield>
        </datafield>
        <datafield tag="951" ind1=" " ind2=" ">
            <subfield code="1">05</subfield>
            <subfield code="a">FSU01:000453205;</subfield>
            <subfield code="5">FTaSU</subfield>
        </datafield>
        <datafield tag="999" ind1=" " ind2=" ">
            <subfield code="a">ABY6531001</subfield>
        </datafield>
        <datafield tag="999" ind1=" " ind2=" ">
            <subfield code="a">ABY6531002</subfield>
        </datafield>
    </record>