
    <record>
        <leader>00909nam a2200253I 4500</leader>
        <controlfield tag="001">029902236</controlfield>
        <controlfield tag="004">FSABY6544001</controlfield>
        <controlfield tag="005">20120623074000.0</controlfield>
        <controlfield tag="008">801210s1899 fr c 000|0 frem </controlfield>
        <datafield tag="010" ind1=" " ind2=" ">
            <subfield code="a">f 01001039 </subfield>
        </datafield>
        <datafield tag="035" ind1=" " ind2=" ">
            <subfield code="a">(OCoLC)07021860</subfield>
        </datafield>
        <datafield tag="040" ind1=" " ind2=" ">
            <subfield code="a">DLC</subfield>
            <subfield code="c">CLE</subfield>
            <subfield code="d">CLE</subfield>
            <subfield code="d">FDA</subfield>
        </datafield>
        <datafield tag="050" ind1=" " ind2=" ">
            <subfield code="a">DC231</subfield>
            <subfield code="b">.J86</subfield>
        </datafield>
        <datafield tag="092" ind1=" " ind2=" ">
            <subfield code="a">946.6</subfield>
            <subfield code="b">J825m</subfield>
        </datafield>
        <datafield tag="100" ind1="1" ind2=" ">
            <subfield code="a">Jourdan, Jean-Baptiste,</subfield>
            <subfield code="d">1762-1833.</subfield>
        </datafield>
        <datafield tag="245" ind1="1" ind2="0">
            <subfield code="a">Mémoires militaires du maréchal Jourdan (guerre d'Espagne)</subfield>
            <subfield code="b">écrits par lui-même,</subfield>
            <subfield code="c">publiés d'après le manuscrit original par M. le vicomte de
                Grouchy.</subfield>
        </datafield>
        <datafield tag="260" ind1=" " ind2=" ">
            <subfield code="a">Paris,</subfield>
            <subfield code="b">E. Flammarion</subfield>
            <subfield code="c">[1899]</subfield>
        </datafield>
        <datafield tag="300" ind1=" " ind2=" ">
            <subfield code="a">xii, 494 p.</subfield>
            <subfield code="b">front. (port.)</subfield>
            <subfield code="c">24 cm.</subfield>
        </datafield>
        <datafield tag="650" ind1=" " ind2="0">
            <subfield code="a">Peninsular War, 1807-1814.</subfield>
        </datafield>
        <datafield tag="700" ind1="1" ind2=" ">
            <subfield code="a">Grouchy, Emmanuel Henri,</subfield>
            <subfield code="c">vicomte de,</subfield>
            <subfield code="d">1839-1911,</subfield>
            <subfield code="e">ed.</subfield>
        </datafield>
        <datafield tag="852" ind1="0" ind2=" ">
            <subfield code="a">FTaSU</subfield>
            <subfield code="b">FSUSP</subfield>
            <subfield code="c">NAP</subfield>
            <subfield code="h">DC231</subfield>
            <subfield code="i">.J86</subfield>
        </datafield>
        <datafield tag="852" ind1="0" ind2=" ">
            <subfield code="a">FTaSU</subfield>
            <subfield code="b">FSUSP</subfield>
            <subfield code="c">NAP</subfield>
            <subfield code="h">DC231</subfield>
            <subfield code="i">.J86</subfield>
        </datafield>
        <datafield tag="951" ind1=" " ind2=" ">
            <subfield code="1">05</subfield>
            <subfield code="a">FSU01:000453218;</subfield>
            <subfield code="5">FTaSU</subfield>
        </datafield>
        <datafield tag="999" ind1=" " ind2=" ">
            <subfield code="a">ABY6544001</subfield>
        </datafield>
    </record>