
    <record>
        <leader>00985nam a2200265Ia 4500</leader>
        <controlfield tag="001">029970864</controlfield>
        <controlfield tag="004">FSABZ1719001</controlfield>
        <controlfield tag="005">20120623074400.0</controlfield>
        <controlfield tag="008">810323s1844 fr 000|0 freed</controlfield>
        <datafield tag="035" ind1=" " ind2=" ">
            <subfield code="a">(OCoLC)07251825</subfield>
        </datafield>
        <datafield tag="040" ind1=" " ind2=" ">
            <subfield code="a">NNF</subfield>
            <subfield code="c">FDA</subfield>
            <subfield code="d">FDA</subfield>
        </datafield>
        <datafield tag="090" ind1=" " ind2=" ">
            <subfield code="a">DC146.D732</subfield>
            <subfield code="b">A35</subfield>
        </datafield>
        <datafield tag="100" ind1="1" ind2=" ">
            <subfield code="a">Drouet d'Erlon, Jean Baptiste,</subfield>
            <subfield code="c">comte,</subfield>
            <subfield code="d">1765-1844.</subfield>
        </datafield>
        <datafield tag="245" ind1="1" ind2="3">
            <subfield code="a">Le maréchal Drouet, comte d'Erlon :</subfield>
            <subfield code="b">vie militaire /</subfield>
            <subfield code="c">écrite par lui-même et dédiée à ses amis ; publiée par sa
                famille.</subfield>
        </datafield>
        <datafield tag="260" ind1=" " ind2=" ">
            <subfield code="a">Paris :</subfield>
            <subfield code="b">G. Barba,</subfield>
            <subfield code="c">1844.</subfield>
        </datafield>
        <datafield tag="300" ind1=" " ind2=" ">
            <subfield code="a">119 p. :</subfield>
            <subfield code="b">port. ;</subfield>
            <subfield code="c">22 cm.</subfield>
        </datafield>
        <datafield tag="590" ind1=" " ind2=" ">
            <subfield code="a">Bookplate: Ex libris Marcel Dunan.</subfield>
            <subfield code="5">FTaSU</subfield>
        </datafield>
        <datafield tag="600" ind1="1" ind2="0">
            <subfield code="a">Drouet d'Erlon, Jean Baptiste,</subfield>
            <subfield code="c">comte,</subfield>
            <subfield code="d">1765-1844.</subfield>
        </datafield>
        <datafield tag="610" ind1="1" ind2="0">
            <subfield code="a">France.</subfield>
            <subfield code="b">Armée</subfield>
            <subfield code="x">Biography.</subfield>
        </datafield>
        <datafield tag="650" ind1=" " ind2="0">
            <subfield code="a">Generals</subfield>
            <subfield code="z">France</subfield>
            <subfield code="x">Biography.</subfield>
        </datafield>
        <datafield tag="651" ind1=" " ind2="0">
            <subfield code="a">France</subfield>
            <subfield code="x">History, Military</subfield>
            <subfield code="y">1789-1815.</subfield>
        </datafield>
        <datafield tag="852" ind1="0" ind2=" ">
            <subfield code="a">FTaSU</subfield>
            <subfield code="b">FSUSP</subfield>
            <subfield code="c">NAP</subfield>
            <subfield code="h">DC146.D732</subfield>
            <subfield code="i">A35</subfield>
        </datafield>
        <datafield tag="852" ind1="0" ind2=" ">
            <subfield code="a">FTaSU</subfield>
            <subfield code="b">FSUSP</subfield>
            <subfield code="c">NAP</subfield>
            <subfield code="h">DC146.D732</subfield>
            <subfield code="i">A35</subfield>
        </datafield>
        <datafield tag="951" ind1=" " ind2=" ">
            <subfield code="1">05</subfield>
            <subfield code="a">FSU01:000458247;</subfield>
            <subfield code="5">FTaSU</subfield>
        </datafield>
        <datafield tag="999" ind1=" " ind2=" ">
            <subfield code="a">ABZ1719001</subfield>
        </datafield>
    </record>