
    <record>
        <leader>00731nam a2200241Ia 4500</leader>
        <controlfield tag="001">030125109</controlfield>
        <controlfield tag="004">FSACA4633001</controlfield>
        <controlfield tag="005">20120623075500.0</controlfield>
        <controlfield tag="008">810918s1905 enk 000|0 eng d</controlfield>
        <datafield tag="020" ind1=" " ind2=" ">
            <subfield code="c">$3.51</subfield>
        </datafield>
        <datafield tag="035" ind1=" " ind2=" ">
            <subfield code="a">(OCoLC)07771179</subfield>
        </datafield>
        <datafield tag="040" ind1=" " ind2=" ">
            <subfield code="a">FDA</subfield>
            <subfield code="c">FDA</subfield>
        </datafield>
        <datafield tag="090" ind1=" " ind2=" ">
            <subfield code="a">DC232</subfield>
            <subfield code="b">.A52</subfield>
        </datafield>
        <datafield tag="100" ind1="1" ind2=" ">
            <subfield code="a">Anderson, J. H.</subfield>
            <subfield code="q">(John Henry).</subfield>
        </datafield>
        <datafield tag="245" ind1="1" ind2="4">
            <subfield code="a">The Spanish campaign of Sir John Moore /</subfield>
            <subfield code="c">by J.H. Anderson.</subfield>
        </datafield>
        <datafield tag="260" ind1=" " ind2=" ">
            <subfield code="a">London :</subfield>
            <subfield code="b">H. Rees,</subfield>
            <subfield code="c">1905.</subfield>
        </datafield>
        <datafield tag="300" ind1=" " ind2=" ">
            <subfield code="a">65 p. :</subfield>
            <subfield code="b">2 folded maps ;</subfield>
            <subfield code="c">22 cm.</subfield>
        </datafield>
        <datafield tag="600" ind1="1" ind2="0">
            <subfield code="a">Moore, John,</subfield>
            <subfield code="c">Sir,</subfield>
            <subfield code="d">1761-1809.</subfield>
        </datafield>
        <datafield tag="650" ind1=" " ind2="0">
            <subfield code="a">Peninsular War, 1807-1814.</subfield>
        </datafield>
        <datafield tag="852" ind1="0" ind2=" ">
            <subfield code="a">FTaSU</subfield>
            <subfield code="b">FSUSP</subfield>
            <subfield code="c">NAP</subfield>
            <subfield code="h">DC232</subfield>
            <subfield code="i">.A52</subfield>
        </datafield>
        <datafield tag="852" ind1="0" ind2=" ">
            <subfield code="a">FTaSU</subfield>
            <subfield code="b">FSUSP</subfield>
            <subfield code="c">NAP</subfield>
            <subfield code="h">DC232</subfield>
            <subfield code="i">.A52</subfield>
        </datafield>
        <datafield tag="951" ind1=" " ind2=" ">
            <subfield code="1">05</subfield>
            <subfield code="a">FSU01:000470813;</subfield>
            <subfield code="5">FTaSU</subfield>
        </datafield>
        <datafield tag="999" ind1=" " ind2=" ">
            <subfield code="a">ACA4633001</subfield>
        </datafield>
    </record>