
    <record>
        <leader>01867nam a2200277I 4500</leader>
        <controlfield tag="001">030139228</controlfield>
        <controlfield tag="004">FSAET2307001</controlfield>
        <controlfield tag="005">20120623075600.0</controlfield>
        <controlfield tag="008">770913m19081914fr ch 001|0dfre </controlfield>
        <datafield tag="010" ind1=" " ind2=" ">
            <subfield code="a"> 10003005 //rev</subfield>
        </datafield>
        <datafield tag="035" ind1=" " ind2=" ">
            <subfield code="a">(OCoLC)03261956</subfield>
        </datafield>
        <datafield tag="040" ind1=" " ind2=" ">
            <subfield code="a">DLC</subfield>
            <subfield code="c">YWM</subfield>
            <subfield code="d">m/c</subfield>
            <subfield code="d">FDA</subfield>
        </datafield>
        <datafield tag="050" ind1="0" ind2=" ">
            <subfield code="a">DC198.M8</subfield>
            <subfield code="b">M8 1908</subfield>
        </datafield>
        <datafield tag="100" ind1="1" ind2=" ">
            <subfield code="a">Murat, Joachim Napoléon,</subfield>
            <subfield code="c">prince,</subfield>
            <subfield code="d">1856-1932.</subfield>
        </datafield>
        <datafield tag="245" ind1="1" ind2="0">
            <subfield code="a">Lettres et documents pour servir à l'histoire de Joachim Murat,
                1767-1815,</subfield>
            <subfield code="b">publiés par s. a. le Prince Murat.</subfield>
            <subfield code="c">Avec une introduction et des notes par Paul Le Brethon.</subfield>
        </datafield>
        <datafield tag="260" ind1=" " ind2=" ">
            <subfield code="a">Paris,</subfield>
            <subfield code="b">Plon-Nourrit et cie,</subfield>
            <subfield code="c">1908-14.</subfield>
        </datafield>
        <datafield tag="300" ind1=" " ind2=" ">
            <subfield code="a">8 v.</subfield>
            <subfield code="b">fronts. (ports.) facsims. (part fold.)</subfield>
            <subfield code="c">23 cm.</subfield>
        </datafield>
        <datafield tag="500" ind1=" " ind2=" ">
            <subfield code="a">No more published?</subfield>
            <subfield code="5">FTaSU</subfield>
        </datafield>
        <datafield tag="505" ind1="0" ind2=" ">
            <subfield code="a">I. Lettres de jeunesse. Campaigns d'Italie et d'Egypte. Corps et
                armée d'observation du Midi [1767-1801]--II. Armée d'observation du Midi (Suite)
                Republique cisalpine. Republique italienne, 1801-1803.--III. Gouvernement de Paris,
                1804-1805.--IV. Campagne d'Autriche (1805) Gouvernement de Paris. Duchés de Clèves
                et de Berg. Grand-duché de Berg. Campagne de Prusse (1806).--V. Campagne de Pologne
                (1806-1807) Grand-duché de Berg (1807-1808) Lieutenance de Murat, grand-duc de Berg,
                en Espagne (1808)--VI. Lieutenance de Murat, grand-duc de Berg, en Espagne
                (avril-juillet 1808) Royaume de Naples (15 juillet 1808-1er février-9 septembre
                1809)--VII. Royaume de Naples (ler février-9 septembre 1809)--VIII. Royaume de
                Naples (9 septembre 1809-6 aout 1810).</subfield>
            <subfield code="5">FTaSU</subfield>
        </datafield>
        <datafield tag="600" ind1="0" ind2="0">
            <subfield code="a">Joachim Murat,</subfield>
            <subfield code="c">King of Naples,</subfield>
            <subfield code="d">1767-1815.</subfield>
        </datafield>
        <datafield tag="700" ind1="1" ind2=" ">
            <subfield code="a">Le Brethon, Paul Jules Joseph,</subfield>
            <subfield code="d">1867-</subfield>
            <subfield code="e">ed.</subfield>
        </datafield>
        <datafield tag="852" ind1="0" ind2=" ">
            <subfield code="a">FTaSU</subfield>
            <subfield code="b">FSUSP</subfield>
            <subfield code="c">NAP</subfield>
            <subfield code="h">DC198.M8</subfield>
            <subfield code="i">M8 1908</subfield>
        </datafield>
        <datafield tag="866" ind1="3" ind2="1">
            <subfield code="b">FSU STROZIER, Special Coll</subfield>
            <subfield code="c">Napoleon</subfield>
            <subfield code="h">DC198.M8</subfield>
            <subfield code="i">M8 1908</subfield>
            <subfield code="a">v. 1-8</subfield>
        </datafield>
        <datafield tag="852" ind1="0" ind2=" ">
            <subfield code="a">FTaSU</subfield>
            <subfield code="b">FSUSP</subfield>
            <subfield code="c">NAP</subfield>
            <subfield code="h">DC198.M8</subfield>
            <subfield code="i">M8 1908</subfield>
        </datafield>
        <datafield tag="951" ind1=" " ind2=" ">
            <subfield code="1">05</subfield>
            <subfield code="a">FSU01:000911734;</subfield>
            <subfield code="5">FTaSU</subfield>
        </datafield>
        <datafield tag="999" ind1=" " ind2=" ">
            <subfield code="a">AET2307001</subfield>
        </datafield>
    </record>