
    <record>
        <leader>01047nam a2200265Ia 4500</leader>
        <controlfield tag="001">030237550</controlfield>
        <controlfield tag="004">FSACB6575001</controlfield>
        <controlfield tag="005">20071106133925.0</controlfield>
        <controlfield tag="008">820310m18461947fr 000|0 fre d</controlfield>
        <datafield tag="035" ind1=" " ind2=" ">
            <subfield code="a">(OCoLC)08232613</subfield>
        </datafield>
        <datafield tag="040" ind1=" " ind2=" ">
            <subfield code="a">FDA</subfield>
            <subfield code="c">FDA</subfield>
        </datafield>
        <datafield tag="090" ind1=" " ind2=" ">
            <subfield code="a">DC224.G4</subfield>
            <subfield code="b">T5 1846</subfield>
        </datafield>
        <datafield tag="100" ind1="1" ind2=" ">
            <subfield code="a">Thiébault, Paul-Charles-François,</subfield>
            <subfield code="d">1769-1846.</subfield>
        </datafield>
        <datafield tag="245" ind1="1" ind2="0">
            <subfield code="a">Journal des opérations militaires et administratives des siége et
                blocus de Gênes /</subfield>
            <subfield code="c">par le Baron Thiébault.</subfield>
        </datafield>
        <datafield tag="250" ind1=" " ind2=" ">
            <subfield code="a">Nouv. éd.,</subfield>
            <subfield code="b">ouvrage refait en son entier.</subfield>
        </datafield>
        <datafield tag="260" ind1=" " ind2=" ">
            <subfield code="a">Paris :</subfield>
            <subfield code="b">Corréard,</subfield>
            <subfield code="c">1846-1847.</subfield>
        </datafield>
        <datafield tag="300" ind1=" " ind2=" ">
            <subfield code="a">2 v. :</subfield>
            <subfield code="b">ill., 1 folded map, port. ;</subfield>
            <subfield code="c">23 cm.</subfield>
        </datafield>
        <datafield tag="504" ind1=" " ind2=" ">
            <subfield code="a">Includes bibliographical references and index.</subfield>
        </datafield>
        <datafield tag="600" ind1="1" ind2="0">
            <subfield code="a">Masséna, André,</subfield>
            <subfield code="c">prince d'Essling,</subfield>
            <subfield code="d">1758-1817.</subfield>
        </datafield>
        <datafield tag="651" ind1=" " ind2="0">
            <subfield code="a">Genoa (Italy)</subfield>
            <subfield code="x">History</subfield>
            <subfield code="x">Siege, 1800.</subfield>
        </datafield>
        <datafield tag="852" ind1="0" ind2=" ">
            <subfield code="a">FTaSU</subfield>
            <subfield code="b">FSUSP</subfield>
            <subfield code="c">NAP</subfield>
            <subfield code="h">DC224.G4</subfield>
            <subfield code="i">T5 1846</subfield>
        </datafield>
        <datafield tag="866" ind1="3" ind2="1">
            <subfield code="b">FSU STROZIER, Special Coll</subfield>
            <subfield code="c">Napoleon</subfield>
            <subfield code="h">DC224.G4</subfield>
            <subfield code="i">T5 1846</subfield>
            <subfield code="a">t. 1-t. 2</subfield>
        </datafield>
        <datafield tag="852" ind1="0" ind2=" ">
            <subfield code="a">FTaSU</subfield>
            <subfield code="b">FSUSP</subfield>
            <subfield code="c">NAP</subfield>
            <subfield code="h">DC224.G4</subfield>
            <subfield code="i">T5 1846</subfield>
        </datafield>
        <datafield tag="951" ind1=" " ind2=" ">
            <subfield code="1">05</subfield>
            <subfield code="a">FSU01:000482405;</subfield>
            <subfield code="5">FTaSU</subfield>
        </datafield>
        <datafield tag="999" ind1=" " ind2=" ">
            <subfield code="a">ACB6575001</subfield>
        </datafield>
    </record>