
    <record>
        <leader>01493nam a2200277Ia 4500</leader>
        <controlfield tag="001">030237623</controlfield>
        <controlfield tag="004">FSACB6582001</controlfield>
        <controlfield tag="005">20071109084924.0</controlfield>
        <controlfield tag="008">820310s1908 enk 000|0 eng d</controlfield>
        <datafield tag="035" ind1=" " ind2=" ">
            <subfield code="a">(OCoLC)08232706</subfield>
        </datafield>
        <datafield tag="040" ind1=" " ind2=" ">
            <subfield code="a">FDA</subfield>
            <subfield code="c">FDA</subfield>
        </datafield>
        <datafield tag="090" ind1=" " ind2=" ">
            <subfield code="a">DC232</subfield>
            <subfield code="b">.D52</subfield>
        </datafield>
        <datafield tag="100" ind1="1" ind2=" ">
            <subfield code="a">Dickson, Alexander,</subfield>
            <subfield code="c">Sir,</subfield>
            <subfield code="d">1777-1840.</subfield>
        </datafield>
        <datafield tag="245" ind1="1" ind2="4">
            <subfield code="a">The Dickson manuscripts :</subfield>
            <subfield code="b">being diaries, letters, maps, account books, with various other
                papers of the late Major-General Sir Alexander Dickson, G.C.B., K.C.H., K.T.S.,
                presented to the Royal Regiment of Artillery by his son the late General Sir
                Collingwood Dickson, V.C., G.C.B., Royal Artillery. Series C, from 1809 to 1818
                /</subfield>
            <subfield code="c">prepared for publication and edited on behalf of the Committee of the
                Royal Artillery Institution by John H. Leslie.</subfield>
        </datafield>
        <datafield tag="260" ind1=" " ind2=" ">
            <subfield code="a">Woolwich :</subfield>
            <subfield code="b">Printed at the Royal Artillery Institution Printing House,</subfield>
            <subfield code="c">1908.</subfield>
        </datafield>
        <datafield tag="300" ind1=" " ind2=" ">
            <subfield code="a">7 v. (xiv, 1057 p.) :</subfield>
            <subfield code="b">ill., maps (some folded), plates (some folded), ports. ;</subfield>
            <subfield code="c">23 cm.</subfield>
        </datafield>
        <datafield tag="500" ind1=" " ind2=" ">
            <subfield code="a">Series A published 1903. Series B not published.</subfield>
            <subfield code="5">FTaSU</subfield>
        </datafield>
        <datafield tag="504" ind1=" " ind2=" ">
            <subfield code="a">Includes bibliographical references.</subfield>
        </datafield>
        <datafield tag="610" ind1="1" ind2="0">
            <subfield code="a">Great Britain.</subfield>
            <subfield code="b">Army.</subfield>
            <subfield code="b">Royal Regiment of Artillery.</subfield>
        </datafield>
        <datafield tag="650" ind1=" " ind2="0">
            <subfield code="a">Peninsular War, 1807-1814.</subfield>
        </datafield>
        <datafield tag="700" ind1="1" ind2=" ">
            <subfield code="a">Leslie, John H.</subfield>
            <subfield code="q">(John Henry),</subfield>
            <subfield code="d">1858-1943.</subfield>
        </datafield>
        <datafield tag="852" ind1="0" ind2=" ">
            <subfield code="a">FTaSU</subfield>
            <subfield code="b">FSUSP</subfield>
            <subfield code="c">NAP</subfield>
            <subfield code="h">DC232</subfield>
            <subfield code="i">.D52</subfield>
        </datafield>
        <datafield tag="866" ind1="3" ind2="1">
            <subfield code="b">FSU STROZIER, Special Coll</subfield>
            <subfield code="c">Napoleon</subfield>
            <subfield code="h">DC232</subfield>
            <subfield code="i">.D52</subfield>
            <subfield code="a">v. 1-v. 7</subfield>
        </datafield>
        <datafield tag="852" ind1="0" ind2=" ">
            <subfield code="a">FTaSU</subfield>
            <subfield code="b">FSUSP</subfield>
            <subfield code="c">NAP</subfield>
            <subfield code="h">DC232</subfield>
            <subfield code="i">.D52</subfield>
        </datafield>
        <datafield tag="951" ind1=" " ind2=" ">
            <subfield code="1">05</subfield>
            <subfield code="a">FSU01:000482412;</subfield>
            <subfield code="5">FTaSU</subfield>
        </datafield>
        <datafield tag="999" ind1=" " ind2=" ">
            <subfield code="a">ACB6582001</subfield>
        </datafield>
    </record>