
    <record>
        <leader>00921nam a2200265I 4500</leader>
        <controlfield tag="001">030272495</controlfield>
        <controlfield tag="004">FSACC0534001</controlfield>
        <controlfield tag="005">20120623080700.0</controlfield>
        <controlfield tag="008">820508s1937 fr 000|0 fre </controlfield>
        <datafield tag="010" ind1=" " ind2=" ">
            <subfield code="a"> 37033626 </subfield>
        </datafield>
        <datafield tag="035" ind1=" " ind2=" ">
            <subfield code="a">(OCoLC)08411508</subfield>
        </datafield>
        <datafield tag="040" ind1=" " ind2=" ">
            <subfield code="a">DLC</subfield>
            <subfield code="c">FDA</subfield>
        </datafield>
        <datafield tag="050" ind1="0" ind2=" ">
            <subfield code="a">DC146.J8</subfield>
            <subfield code="b">L8</subfield>
        </datafield>
        <datafield tag="082" ind1="0" ind2=" ">
            <subfield code="a">923.544</subfield>
        </datafield>
        <datafield tag="100" ind1="1" ind2=" ">
            <subfield code="a">Lucas-Dubreton, Jean,</subfield>
            <subfield code="d">1883-</subfield>
        </datafield>
        <datafield tag="245" ind1="1" ind2="0">
            <subfield code="a">Junot dit &quot;la Tempête&quot;.</subfield>
        </datafield>
        <datafield tag="260" ind1=" " ind2=" ">
            <subfield code="a">Paris,</subfield>
            <subfield code="b">Gallimard</subfield>
            <subfield code="c">[1937]</subfield>
        </datafield>
        <datafield tag="300" ind1=" " ind2=" ">
            <subfield code="a">266 p., 2 l.</subfield>
            <subfield code="b">pl., ports.</subfield>
            <subfield code="c">21 cm.</subfield>
        </datafield>
        <datafield tag="490" ind1="0" ind2=" ">
            <subfield code="a">Nouvelle revue française [Biographies]</subfield>
            <subfield code="5">FTaSU</subfield>
        </datafield>
        <datafield tag="500" ind1=" " ind2=" ">
            <subfield code="a">At head of title: J. Lucas-Dubreton.</subfield>
            <subfield code="5">FTaSU</subfield>
        </datafield>
        <datafield tag="600" ind1="1" ind2="0">
            <subfield code="a">Junot, Jean Andoche,</subfield>
            <subfield code="c">duc d'Abrantès,</subfield>
            <subfield code="d">1771-1813.</subfield>
        </datafield>
        <datafield tag="852" ind1="0" ind2=" ">
            <subfield code="a">FTaSU</subfield>
            <subfield code="b">FSUSP</subfield>
            <subfield code="c">NAP</subfield>
            <subfield code="h">DC146.J8</subfield>
            <subfield code="i">L8</subfield>
            <subfield code="x">Redesignated from subbasement 10/05/2006 lmd</subfield>
        </datafield>
        <datafield tag="852" ind1="0" ind2=" ">
            <subfield code="a">FTaSU</subfield>
            <subfield code="b">FSUSP</subfield>
            <subfield code="c">NAP</subfield>
            <subfield code="h">DC146.J8</subfield>
            <subfield code="i">L8</subfield>
            <subfield code="x">Redesignated from subbasement 10/05/2006 lmd</subfield>
        </datafield>
        <datafield tag="951" ind1=" " ind2=" ">
            <subfield code="1">05</subfield>
            <subfield code="a">FSU01:000486267;</subfield>
            <subfield code="5">FTaSU</subfield>
        </datafield>
        <datafield tag="999" ind1=" " ind2=" ">
            <subfield code="a">ACC0534001</subfield>
        </datafield>
    </record>