
    <record>
        <leader>00924nam a2200253I 4500</leader>
        <controlfield tag="001">030273682</controlfield>
        <controlfield tag="004">FSACC0705001</controlfield>
        <controlfield tag="005">20120623080700.0</controlfield>
        <controlfield tag="008">820512s1944 fr 000|0 fre </controlfield>
        <datafield tag="010" ind1=" " ind2=" ">
            <subfield code="a"> 45019869 </subfield>
        </datafield>
        <datafield tag="035" ind1=" " ind2=" ">
            <subfield code="a">(OCoLC)08421060</subfield>
        </datafield>
        <datafield tag="040" ind1=" " ind2=" ">
            <subfield code="a">DLC</subfield>
            <subfield code="c">FDA</subfield>
        </datafield>
        <datafield tag="050" ind1="0" ind2=" ">
            <subfield code="a">DC146.F72</subfield>
            <subfield code="b">D4</subfield>
        </datafield>
        <datafield tag="082" ind1="0" ind2=" ">
            <subfield code="a">923.544</subfield>
        </datafield>
        <datafield tag="100" ind1="1" ind2=" ">
            <subfield code="a">Delpech La Borie, Jean.</subfield>
        </datafield>
        <datafield tag="245" ind1="0" ind2="3">
            <subfield code="a">Le général Fournier-Sarlovèze, &quot;démon de
                l'empire.&quot;</subfield>
            <subfield code="c">Avec 7 reproductions de gravures d'époque.</subfield>
        </datafield>
        <datafield tag="260" ind1=" " ind2=" ">
            <subfield code="a">Paris,</subfield>
            <subfield code="b">Baudinière</subfield>
            <subfield code="c">[c1944]</subfield>
        </datafield>
        <datafield tag="300" ind1=" " ind2=" ">
            <subfield code="a">202 p., 3 l.</subfield>
            <subfield code="b">plates, ports.</subfield>
            <subfield code="c">19 cm.</subfield>
        </datafield>
        <datafield tag="504" ind1=" " ind2=" ">
            <subfield code="a">&quot;Bibliographie&quot;: [201]-202.</subfield>
        </datafield>
        <datafield tag="600" ind1="1" ind2="0">
            <subfield code="a">Fournier-Sarlobèze, François,</subfield>
            <subfield code="c">comte,</subfield>
            <subfield code="d">1773?-1827.</subfield>
        </datafield>
        <datafield tag="852" ind1="0" ind2=" ">
            <subfield code="a">FTaSU</subfield>
            <subfield code="b">FSUSP</subfield>
            <subfield code="c">NAP</subfield>
            <subfield code="h">DC146.F72</subfield>
            <subfield code="i">D4</subfield>
            <subfield code="x">Redesignated from subbasement 10/05/2006 lmd</subfield>
        </datafield>
        <datafield tag="852" ind1="0" ind2=" ">
            <subfield code="a">FTaSU</subfield>
            <subfield code="b">FSUSP</subfield>
            <subfield code="c">NAP</subfield>
            <subfield code="h">DC146.F72</subfield>
            <subfield code="i">D4</subfield>
            <subfield code="x">Redesignated from subbasement 10/05/2006 lmd</subfield>
        </datafield>
        <datafield tag="951" ind1=" " ind2=" ">
            <subfield code="1">05</subfield>
            <subfield code="a">FSU01:000486436;</subfield>
            <subfield code="5">FTaSU</subfield>
        </datafield>
        <datafield tag="999" ind1=" " ind2=" ">
            <subfield code="a">ACC0705001</subfield>
        </datafield>
    </record>