
    <record>
        <leader>00707nam a2200229I 4500</leader>
        <controlfield tag="001">030273749</controlfield>
        <controlfield tag="004">FSACC0712001</controlfield>
        <controlfield tag="005">20120623080700.0</controlfield>
        <controlfield tag="008">820512s1963 fr b 000|0 fre </controlfield>
        <datafield tag="010" ind1=" " ind2=" ">
            <subfield code="a"> 66082841 </subfield>
        </datafield>
        <datafield tag="035" ind1=" " ind2=" ">
            <subfield code="a">(OCoLC)08421361</subfield>
        </datafield>
        <datafield tag="040" ind1=" " ind2=" ">
            <subfield code="a">DLC</subfield>
            <subfield code="c">NGU</subfield>
            <subfield code="d">FDA</subfield>
        </datafield>
        <datafield tag="050" ind1="0" ind2=" ">
            <subfield code="a">DC239</subfield>
            <subfield code="b">.D8</subfield>
        </datafield>
        <datafield tag="100" ind1="1" ind2=" ">
            <subfield code="a">Duhamel, Jean.</subfield>
        </datafield>
        <datafield tag="245" ind1="1" ind2="4">
            <subfield code="a">Les cinquante jours de Waterloo à Plymouth.</subfield>
        </datafield>
        <datafield tag="260" ind1=" " ind2=" ">
            <subfield code="a">[Paris]</subfield>
            <subfield code="b">Plon</subfield>
            <subfield code="c">[1963]</subfield>
        </datafield>
        <datafield tag="300" ind1=" " ind2=" ">
            <subfield code="a">250 p.</subfield>
            <subfield code="b">maps.</subfield>
            <subfield code="c">20 cm.</subfield>
        </datafield>
        <datafield tag="600" ind1="0" ind2="0">
            <subfield code="a">Napoleon</subfield>
            <subfield code="b">I,</subfield>
            <subfield code="c">Emperor of the French,</subfield>
            <subfield code="d">1769-1821</subfield>
            <subfield code="x">Elba and the Hundred Days, 1814-1815.</subfield>
        </datafield>
        <datafield tag="852" ind1="0" ind2=" ">
            <subfield code="a">FTaSU</subfield>
            <subfield code="b">FSULC</subfield>
            <subfield code="c">SUB</subfield>
            <subfield code="h">DC239</subfield>
            <subfield code="i">.D8</subfield>
        </datafield>
        <datafield tag="852" ind1="0" ind2=" ">
            <subfield code="a">FTaSU</subfield>
            <subfield code="b">FSULC</subfield>
            <subfield code="c">SUB</subfield>
            <subfield code="h">DC239</subfield>
            <subfield code="i">.D8</subfield>
        </datafield>
        <datafield tag="951" ind1=" " ind2=" ">
            <subfield code="1">05</subfield>
            <subfield code="a">FSU01:000486443;</subfield>
            <subfield code="5">FTaSU</subfield>
        </datafield>
        <datafield tag="999" ind1=" " ind2=" ">
            <subfield code="a">ACC0712001</subfield>
        </datafield>
    </record>