
    <record>
        <leader>01180cam a2200337 i 4500</leader>
        <controlfield tag="001">030317130</controlfield>
        <controlfield tag="004">FSAJA4859001</controlfield>
        <controlfield tag="005">20131126154300.0</controlfield>
        <controlfield tag="008">760107s1975 enkaf b 001|0beng </controlfield>
        <datafield tag="010" ind1=" " ind2=" ">
            <subfield code="a"> 75331628 //r84</subfield>
        </datafield>
        <datafield tag="015" ind1=" " ind2=" ">
            <subfield code="a">GB***</subfield>
        </datafield>
        <datafield tag="020" ind1=" " ind2=" ">
            <subfield code="a">0705000206 :</subfield>
            <subfield code="c">£3.90</subfield>
        </datafield>
        <datafield tag="035" ind1=" " ind2=" ">
            <subfield code="a">(OCoLC)01993328</subfield>
        </datafield>
        <datafield tag="040" ind1=" " ind2=" ">
            <subfield code="a">DLC</subfield>
            <subfield code="c">DLC</subfield>
        </datafield>
        <datafield tag="043" ind1=" " ind2=" ">
            <subfield code="a">e-fr---</subfield>
            <subfield code="a">e-uk---</subfield>
        </datafield>
        <datafield tag="050" ind1="0" ind2=" ">
            <subfield code="a">DC244.7</subfield>
            <subfield code="b">.C5</subfield>
        </datafield>
        <datafield tag="082" ind1="0" ind2=" ">
            <subfield code="a">940.2/7</subfield>
        </datafield>
        <datafield tag="100" ind1="1" ind2=" ">
            <subfield code="a">Clark-Kennedy, A. E.</subfield>
            <subfield code="q">(Archibald Edmund),</subfield>
            <subfield code="d">1893-1985.</subfield>
        </datafield>
        <datafield tag="245" ind1="1" ind2="0">
            <subfield code="a">Attack the colour :</subfield>
            <subfield code="b">the Royal Dragoons in the Peninsula and at Waterloo /</subfield>
            <subfield code="c">A. E. Clark-Kennedy.</subfield>
        </datafield>
        <datafield tag="260" ind1=" " ind2=" ">
            <subfield code="a">London [England] :</subfield>
            <subfield code="b">Research Publishing,</subfield>
            <subfield code="c">[c1975]</subfield>
        </datafield>
        <datafield tag="300" ind1=" " ind2=" ">
            <subfield code="a">158 p., [9] leaves of plates :</subfield>
            <subfield code="b">ill. ;</subfield>
            <subfield code="c">26 cm.</subfield>
        </datafield>
        <datafield tag="500" ind1=" " ind2=" ">
            <subfield code="a">Includes index.</subfield>
            <subfield code="5">FTaSU</subfield>
        </datafield>
        <datafield tag="504" ind1=" " ind2=" ">
            <subfield code="a">Bibliography: p. 9-10.</subfield>
        </datafield>
        <datafield tag="600" ind1="1" ind2="0">
            <subfield code="a">Clark-Kennedy, Alexander Kennedy,</subfield>
            <subfield code="c">Sir,</subfield>
            <subfield code="d">1780-1864.</subfield>
        </datafield>
        <datafield tag="600" ind1="3" ind2="0">
            <subfield code="a">Clark family.</subfield>
        </datafield>
        <datafield tag="610" ind1="1" ind2="0">
            <subfield code="a">Great Britain.</subfield>
            <subfield code="b">Army.</subfield>
            <subfield code="b">Regiment of Dragoons, 1st (Royal)</subfield>
        </datafield>
        <datafield tag="650" ind1=" " ind2="0">
            <subfield code="a">Waterloo, Battle of, Waterloo, Belgium, 1815</subfield>
        </datafield>
        <datafield tag="852" ind1="0" ind2=" ">
            <subfield code="a">FTaSU</subfield>
            <subfield code="b">FSULC</subfield>
            <subfield code="c">SUB</subfield>
            <subfield code="h">DC244.7</subfield>
            <subfield code="i">.C5</subfield>
        </datafield>
        <datafield tag="852" ind1="0" ind2=" ">
            <subfield code="a">FTaSU</subfield>
            <subfield code="b">FSULC</subfield>
            <subfield code="c">SUB</subfield>
            <subfield code="h">DC244.7</subfield>
            <subfield code="i">.C5</subfield>
        </datafield>
        <datafield tag="951" ind1=" " ind2=" ">
            <subfield code="1">05</subfield>
            <subfield code="a">FSU01:001451096;</subfield>
            <subfield code="5">FTaSU</subfield>
        </datafield>
        <datafield tag="999" ind1=" " ind2=" ">
            <subfield code="a">AJA4859001</subfield>
        </datafield>
    </record>