
    <record>
        <leader>01517cam a2200361 i 4500</leader>
        <controlfield tag="001">030317193</controlfield>
        <controlfield tag="004">FSAJA4868001</controlfield>
        <controlfield tag="005">20110623130743.0</controlfield>
        <controlfield tag="008">770915r19761900enk 001|0ceng </controlfield>
        <datafield tag="010" ind1=" " ind2=" ">
            <subfield code="a"> 77366810 //r923</subfield>
        </datafield>
        <datafield tag="015" ind1=" " ind2=" ">
            <subfield code="a">GB76-25455</subfield>
        </datafield>
        <datafield tag="019" ind1=" " ind2=" ">
            <subfield code="a">2992028</subfield>
        </datafield>
        <datafield tag="020" ind1=" " ind2=" ">
            <subfield code="a">0715811517 :</subfield>
            <subfield code="c">£5.50</subfield>
        </datafield>
        <datafield tag="035" ind1=" " ind2=" ">
            <subfield code="a">(OCoLC)03344496</subfield>
        </datafield>
        <datafield tag="040" ind1=" " ind2=" ">
            <subfield code="a">DLC</subfield>
            <subfield code="c">DLC</subfield>
        </datafield>
        <datafield tag="043" ind1=" " ind2=" ">
            <subfield code="a">e-be---</subfield>
            <subfield code="a">e-uk---</subfield>
            <subfield code="a">ei-----</subfield>
        </datafield>
        <datafield tag="050" ind1="0" ind2="0">
            <subfield code="a">DC232</subfield>
            <subfield code="b">.F54 1976</subfield>
        </datafield>
        <datafield tag="082" ind1="0" ind2="0">
            <subfield code="a">940.2/7/0922</subfield>
            <subfield code="a">B</subfield>
        </datafield>
        <datafield tag="100" ind1="1" ind2=" ">
            <subfield code="a">Fitchett, W. H.</subfield>
            <subfield code="q">(William Henry),</subfield>
            <subfield code="d">1845-1928</subfield>
        </datafield>
        <datafield tag="245" ind1="1" ind2="0">
            <subfield code="a">Wellington's men :</subfield>
            <subfield code="b">some soldier autobiographies : Kincaid's Adventures in the Rifle
                Brigade; Rifleman Harris; Anton's Military life; Mercer's Waterloo /</subfield>
            <subfield code="c">edited by W. H. Fitchett.</subfield>
        </datafield>
        <datafield tag="260" ind1=" " ind2=" ">
            <subfield code="a">Wakefield :</subfield>
            <subfield code="b">EP Publishing,</subfield>
            <subfield code="c">1976.</subfield>
        </datafield>
        <datafield tag="300" ind1=" " ind2=" ">
            <subfield code="a">vi, 419 p. ;</subfield>
            <subfield code="c">20 cm.</subfield>
        </datafield>
        <datafield tag="500" ind1=" " ind2=" ">
            <subfield code="a">Photoreprint of the 1900 ed. published by Smith, Elder,
                London.</subfield>
            <subfield code="5">FTaSU</subfield>
        </datafield>
        <datafield tag="500" ind1=" " ind2=" ">
            <subfield code="a">Includes index.</subfield>
            <subfield code="5">FTaSU</subfield>
        </datafield>
        <datafield tag="505" ind1="0" ind2=" ">
            <subfield code="a">The soldier in literature.--From Torres Vedras to Waterloo.--One of
                Cranfield's veterans.--A Royal Highlander.--With the guns at Waterloo.</subfield>
            <subfield code="5">FTaSU</subfield>
        </datafield>
        <datafield tag="610" ind1="1" ind2="0">
            <subfield code="a">Great Britain.</subfield>
            <subfield code="b">Army</subfield>
            <subfield code="v">Biography.</subfield>
        </datafield>
        <datafield tag="650" ind1=" " ind2="0">
            <subfield code="a">Peninsular War, 1807-1814</subfield>
            <subfield code="x">Personal narratives, English.</subfield>
        </datafield>
        <datafield tag="650" ind1=" " ind2="0">
            <subfield code="a">Waterloo, Battle of, Waterloo, Belgium, 1815</subfield>
            <subfield code="x">Personal narratives, British.</subfield>
        </datafield>
        <datafield tag="650" ind1=" " ind2="0">
            <subfield code="a">Soldiers</subfield>
            <subfield code="z">Great Britain</subfield>
            <subfield code="v">Biography.</subfield>
        </datafield>
        <datafield tag="852" ind1="0" ind2=" ">
            <subfield code="a">FTaSU</subfield>
            <subfield code="b">FSULC</subfield>
            <subfield code="c">SUB</subfield>
            <subfield code="h">DC232</subfield>
            <subfield code="i">.F54 1976</subfield>
        </datafield>
        <datafield tag="852" ind1="0" ind2=" ">
            <subfield code="a">FTaSU</subfield>
            <subfield code="b">FSULC</subfield>
            <subfield code="c">SUB</subfield>
            <subfield code="h">DC232</subfield>
            <subfield code="i">.F54 1976</subfield>
        </datafield>
        <datafield tag="951" ind1=" " ind2=" ">
            <subfield code="1">05</subfield>
            <subfield code="a">FSU01:001451104;</subfield>
            <subfield code="5">FTaSU</subfield>
        </datafield>
        <datafield tag="999" ind1=" " ind2=" ">
            <subfield code="a">AJA4868001</subfield>
        </datafield>
    </record>