
    <record>
        <leader>00928cam a2200241I 4500</leader>
        <controlfield tag="001">030317317</controlfield>
        <controlfield tag="004">FSAJA4882001</controlfield>
        <controlfield tag="005">20120623081100.0</controlfield>
        <controlfield tag="008">720817s1862 enkc 000|0 eng </controlfield>
        <datafield tag="010" ind1=" " ind2=" ">
            <subfield code="a"> 05013819 </subfield>
        </datafield>
        <datafield tag="035" ind1=" " ind2=" ">
            <subfield code="a">(OCoLC)00384002</subfield>
        </datafield>
        <datafield tag="040" ind1=" " ind2=" ">
            <subfield code="a">DLC</subfield>
            <subfield code="c">KSU</subfield>
            <subfield code="d">OCL</subfield>
        </datafield>
        <datafield tag="050" ind1=" " ind2=" ">
            <subfield code="a">DC146.W7</subfield>
            <subfield code="b">A2</subfield>
        </datafield>
        <datafield tag="100" ind1="1" ind2=" ">
            <subfield code="a">Wilson, Robert,</subfield>
            <subfield code="c">Sir,</subfield>
            <subfield code="d">1777-1849.</subfield>
        </datafield>
        <datafield tag="245" ind1="0" ind2="0">
            <subfield code="a">Life of General Sir Robert Wilson... :</subfield>
            <subfield code="b">from autobiographical memoirs, journals, narratives, correspondence,
                &amp;c. /</subfield>
            <subfield code="c">Ed. by his nephew and son-in-law, the Rev. Herbert
                Randolph.</subfield>
        </datafield>
        <datafield tag="260" ind1=" " ind2=" ">
            <subfield code="a">London :</subfield>
            <subfield code="b">J. Murray,</subfield>
            <subfield code="c">1862.</subfield>
        </datafield>
        <datafield tag="300" ind1=" " ind2=" ">
            <subfield code="a">2 v. :</subfield>
            <subfield code="b">front. (port.) ;</subfield>
            <subfield code="c">22 cm.</subfield>
        </datafield>
        <datafield tag="700" ind1="1" ind2=" ">
            <subfield code="a">Randolph, Herbert,</subfield>
            <subfield code="d">1808-1887,</subfield>
            <subfield code="e">ed.</subfield>
        </datafield>
        <datafield tag="852" ind1="0" ind2=" ">
            <subfield code="a">FTaSU</subfield>
            <subfield code="b">FSUSP</subfield>
            <subfield code="c">NAP</subfield>
            <subfield code="h">DC146.W7</subfield>
            <subfield code="i">A2 1862</subfield>
        </datafield>
        <datafield tag="866" ind1="3" ind2="1">
            <subfield code="b">FSU STROZIER, Special Coll</subfield>
            <subfield code="c">Napoleon</subfield>
            <subfield code="h">DC146.W7</subfield>
            <subfield code="i">A2 1862</subfield>
            <subfield code="8">0</subfield>
            <subfield code="a">v. 1 - v. 2</subfield>
        </datafield>
        <datafield tag="852" ind1="0" ind2=" ">
            <subfield code="a">FTaSU</subfield>
            <subfield code="b">FSUSP</subfield>
            <subfield code="c">NAP</subfield>
            <subfield code="h">DC146.W7</subfield>
            <subfield code="i">A2 1862</subfield>
        </datafield>
        <datafield tag="951" ind1=" " ind2=" ">
            <subfield code="1">05</subfield>
            <subfield code="a">FSU01:001451118;</subfield>
            <subfield code="5">FTaSU</subfield>
        </datafield>
        <datafield tag="999" ind1=" " ind2=" ">
            <subfield code="a">AJA4882001</subfield>
        </datafield>
    </record>