
    <record>
        <leader>00841cam a2200265I 4500</leader>
        <controlfield tag="001">030332204</controlfield>
        <controlfield tag="004">FSACC9523001</controlfield>
        <controlfield tag="005">20120623081200.0</controlfield>
        <controlfield tag="008">820930s1962 fr a 000|0 fre </controlfield>
        <datafield tag="010" ind1=" " ind2=" ">
            <subfield code="a"> 62058366 /L</subfield>
        </datafield>
        <datafield tag="035" ind1=" " ind2=" ">
            <subfield code="a">(OCoLC)08818826</subfield>
        </datafield>
        <datafield tag="040" ind1=" " ind2=" ">
            <subfield code="a">DLC</subfield>
            <subfield code="c">AKR</subfield>
            <subfield code="d">FDA</subfield>
        </datafield>
        <datafield tag="050" ind1="0" ind2=" ">
            <subfield code="a">DC185.0727</subfield>
            <subfield code="b">.S28</subfield>
        </datafield>
        <datafield tag="100" ind1="1" ind2=" ">
            <subfield code="a">Saurel, Louis.</subfield>
        </datafield>
        <datafield tag="245" ind1="1" ind2="3">
            <subfield code="a">Le jour où finit la terreur;</subfield>
            <subfield code="b">le neuf thermidor, 27 juillet 1794.</subfield>
        </datafield>
        <datafield tag="260" ind1=" " ind2=" ">
            <subfield code="a">Paris,</subfield>
            <subfield code="b">R. Laffont</subfield>
            <subfield code="c">[1962]</subfield>
        </datafield>
        <datafield tag="300" ind1=" " ind2=" ">
            <subfield code="a">269 p.</subfield>
            <subfield code="b">illus.</subfield>
            <subfield code="b">24 cm.</subfield>
        </datafield>
        <datafield tag="440" ind1=" " ind2="0">
            <subfield code="a">Ce jour-là</subfield>
            <subfield code="5">FTaSU</subfield>
        </datafield>
        <datafield tag="600" ind1="1" ind2="0">
            <subfield code="a">Robespierre, Maximilien,</subfield>
            <subfield code="d">1758-1794.</subfield>
        </datafield>
        <datafield tag="600" ind1="1" ind2="0">
            <subfield code="a">Saint-Just,</subfield>
            <subfield code="d">1767-1794.</subfield>
        </datafield>
        <datafield tag="651" ind1=" " ind2="0">
            <subfield code="a">France</subfield>
            <subfield code="x">History</subfield>
            <subfield code="y">Reign of Terror, 1793-1794.</subfield>
        </datafield>
        <datafield tag="852" ind1="0" ind2=" ">
            <subfield code="a">FTaSU</subfield>
            <subfield code="b">FSULC</subfield>
            <subfield code="c">SUB</subfield>
            <subfield code="h">DC185.0727</subfield>
            <subfield code="i">.S28</subfield>
        </datafield>
        <datafield tag="852" ind1="0" ind2=" ">
            <subfield code="a">FTaSU</subfield>
            <subfield code="b">FSULC</subfield>
            <subfield code="c">SUB</subfield>
            <subfield code="h">DC185.0727</subfield>
            <subfield code="i">.S28</subfield>
        </datafield>
        <datafield tag="951" ind1=" " ind2=" ">
            <subfield code="1">05</subfield>
            <subfield code="a">FSU01:000494992;</subfield>
            <subfield code="5">FTaSU</subfield>
        </datafield>
        <datafield tag="999" ind1=" " ind2=" ">
            <subfield code="a">ACC9523001</subfield>
        </datafield>
    </record>