
    <record>
        <leader>01265cam a2200325 4500</leader>
        <controlfield tag="001">030398670</controlfield>
        <controlfield tag="004">FSAFA5630001</controlfield>
        <controlfield tag="005">20170607124158.0</controlfield>
        <controlfield tag="008">800724s1964 enkcefh bc 000|0 eng </controlfield>
        <datafield tag="010" ind1=" " ind2=" ">
            <subfield code="a"> 80486709 //r873</subfield>
        </datafield>
        <datafield tag="035" ind1=" " ind2=" ">
            <subfield code="a">(OCoLC)06625278</subfield>
        </datafield>
        <datafield tag="040" ind1=" " ind2=" ">
            <subfield code="a">DLC</subfield>
            <subfield code="c">DLC</subfield>
            <subfield code="d">m.c.</subfield>
        </datafield>
        <datafield tag="043" ind1=" " ind2=" ">
            <subfield code="a">e-uk-en</subfield>
        </datafield>
        <datafield tag="050" ind1="0" ind2=" ">
            <subfield code="a">DA68.12.W4</subfield>
            <subfield code="b">W53 1964</subfield>
        </datafield>
        <datafield tag="082" ind1="0" ind2=" ">
            <subfield code="a">708.2/132</subfield>
            <subfield code="2">19</subfield>
        </datafield>
        <datafield tag="110" ind1="2" ind2=" ">
            <subfield code="a">Wellington Museum.</subfield>
        </datafield>
        <datafield tag="245" ind1="1" ind2="4">
            <subfield code="a">The Wellington Museum, Apsley House :</subfield>
            <subfield code="c">a guide by C. H. Gibbs- Smith and H. V. T. Percival.</subfield>
        </datafield>
        <datafield tag="250" ind1=" " ind2=" ">
            <subfield code="a">[4th ed.]</subfield>
        </datafield>
        <datafield tag="260" ind1=" " ind2=" ">
            <subfield code="a">London,</subfield>
            <subfield code="b">H.M. Stationery Off.,</subfield>
            <subfield code="c">1964.</subfield>
        </datafield>
        <datafield tag="300" ind1=" " ind2=" ">
            <subfield code="a">54, [5] p.</subfield>
            <subfield code="b">facsims., plans, plates, ports.</subfield>
            <subfield code="c">24 cm.</subfield>
        </datafield>
        <datafield tag="504" ind1=" " ind2=" ">
            <subfield code="a">Includes bibliographical references (p. [59]).</subfield>
        </datafield>
        <datafield tag="600" ind1="1" ind2="0">
            <subfield code="a">Wellington, Arthur Wellesley,</subfield>
            <subfield code="c">Duke of,</subfield>
            <subfield code="d">1769-1852.</subfield>
            <subfield code="x">Museums</subfield>
            <subfield code="v">Catalogs.</subfield>
        </datafield>
        <datafield tag="600" ind1="1" ind2="0">
            <subfield code="a">Wellington, Arthur Wellesley,</subfield>
            <subfield code="c">Duke of,</subfield>
            <subfield code="d">1769-1852</subfield>
            <subfield code="x">Art collections</subfield>
            <subfield code="v">Catalogs.</subfield>
        </datafield>
        <datafield tag="610" ind1="2" ind2="0">
            <subfield code="a">Wellington Museum</subfield>
            <subfield code="v">Catalogs.</subfield>
        </datafield>
        <datafield tag="700" ind1="1" ind2=" ">
            <subfield code="a">Gibbs-Smith, Charles Harvard,</subfield>
            <subfield code="d">1909-1981,</subfield>
            <subfield code="e">joint author.</subfield>
        </datafield>
        <datafield tag="700" ind1="1" ind2=" ">
            <subfield code="a">Percival, H. V. T.</subfield>
        </datafield>
        <datafield tag="852" ind1="0" ind2=" ">
            <subfield code="a">FTaSU</subfield>
            <subfield code="b">FSULC</subfield>
            <subfield code="c">GEN</subfield>
            <subfield code="h">DA68.12.W4</subfield>
            <subfield code="i">W53 1964</subfield>
            <subfield code="x">Redes from docs (1/94)</subfield>
        </datafield>
        <datafield tag="852" ind1="0" ind2=" ">
            <subfield code="a">FTaSU</subfield>
            <subfield code="b">FSULC</subfield>
            <subfield code="c">GEN</subfield>
            <subfield code="h">DA68.12.W4</subfield>
            <subfield code="i">W53 1964</subfield>
            <subfield code="x">Redes from docs (1/94)</subfield>
        </datafield>
        <datafield tag="951" ind1=" " ind2=" ">
            <subfield code="1">05</subfield>
            <subfield code="a">FSU01:000944004;</subfield>
            <subfield code="5">FTaSU</subfield>
        </datafield>
        <datafield tag="999" ind1=" " ind2=" ">
            <subfield code="a">AFA5630001</subfield>
        </datafield>
    </record>