
    <record>
        <leader>00853nam a2200253I 4500</leader>
        <controlfield tag="001">030425837</controlfield>
        <controlfield tag="004">FSAFB6942001</controlfield>
        <controlfield tag="005">20120623082100.0</controlfield>
        <controlfield tag="008">800702s1892 fr ch 000|0bfrem </controlfield>
        <datafield tag="010" ind1=" " ind2=" ">
            <subfield code="a"> 02005885 </subfield>
        </datafield>
        <datafield tag="035" ind1=" " ind2=" ">
            <subfield code="a">(OCoLC)06480190</subfield>
        </datafield>
        <datafield tag="040" ind1=" " ind2=" ">
            <subfield code="a">DLC</subfield>
            <subfield code="c">UUM</subfield>
            <subfield code="d">m/c</subfield>
            <subfield code="d">FDA</subfield>
        </datafield>
        <datafield tag="043" ind1=" " ind2=" ">
            <subfield code="a">e-fr---</subfield>
        </datafield>
        <datafield tag="050" ind1=" " ind2=" ">
            <subfield code="a">DC216.9</subfield>
            <subfield code="b">.L33</subfield>
        </datafield>
        <datafield tag="100" ind1="1" ind2=" ">
            <subfield code="a">Larrey, Félix Hippolyte,</subfield>
            <subfield code="c">baron,</subfield>
            <subfield code="d">1808-1895.</subfield>
        </datafield>
        <datafield tag="245" ind1="1" ind2="0">
            <subfield code="a">Madame mère</subfield>
            <subfield code="b">(Napoleonis mater) ... essai historique</subfield>
            <subfield code="c">par le baron Larrey.</subfield>
        </datafield>
        <datafield tag="260" ind1=" " ind2=" ">
            <subfield code="a">Paris,</subfield>
            <subfield code="b">E. Dentu,</subfield>
            <subfield code="c">1892.</subfield>
        </datafield>
        <datafield tag="300" ind1=" " ind2=" ">
            <subfield code="a">2 v.</subfield>
            <subfield code="b">ports., fold. facsim.</subfield>
            <subfield code="c">23 cm</subfield>
        </datafield>
        <datafield tag="600" ind1="1" ind2="0">
            <subfield code="a">Bonaparte, Letizia,</subfield>
            <subfield code="d">1750?-1836.</subfield>
        </datafield>
        <datafield tag="852" ind1="0" ind2=" ">
            <subfield code="a">FTaSU</subfield>
            <subfield code="b">FSUSP</subfield>
            <subfield code="c">NAP</subfield>
            <subfield code="h">DC216.9</subfield>
            <subfield code="i">.L33</subfield>
            <subfield code="x">vf</subfield>
        </datafield>
        <datafield tag="866" ind1="3" ind2="1">
            <subfield code="b">FSU STROZIER, Special Coll</subfield>
            <subfield code="c">Napoleon</subfield>
            <subfield code="h">DC216.9</subfield>
            <subfield code="i">.L33</subfield>
            <subfield code="a">v. 1-2</subfield>
        </datafield>
        <datafield tag="852" ind1="0" ind2=" ">
            <subfield code="a">FTaSU</subfield>
            <subfield code="b">FSUSP</subfield>
            <subfield code="c">NAP</subfield>
            <subfield code="h">DC216.9</subfield>
            <subfield code="i">.L33</subfield>
            <subfield code="x">vf</subfield>
        </datafield>
        <datafield tag="951" ind1=" " ind2=" ">
            <subfield code="1">05</subfield>
            <subfield code="a">FSU01:000948512;</subfield>
            <subfield code="5">FTaSU</subfield>
        </datafield>
        <datafield tag="999" ind1=" " ind2=" ">
            <subfield code="a">AFB6942001</subfield>
        </datafield>
    </record>