
    <record>
        <leader>00842nam a2200241K 4500</leader>
        <controlfield tag="001">030426435</controlfield>
        <controlfield tag="004">FSAFB7033001</controlfield>
        <controlfield tag="005">20100317125834.0</controlfield>
        <controlfield tag="008">860707s1929 fr cf b 000|0bfre d</controlfield>
        <datafield tag="035" ind1=" " ind2=" ">
            <subfield code="a">(OCoLC)13827884</subfield>
        </datafield>
        <datafield tag="040" ind1=" " ind2=" ">
            <subfield code="a">JFS</subfield>
            <subfield code="c">JFS</subfield>
            <subfield code="d">FDA</subfield>
        </datafield>
        <datafield tag="090" ind1=" " ind2=" ">
            <subfield code="a">DC198.D7</subfield>
            <subfield code="b">S4</subfield>
        </datafield>
        <datafield tag="100" ind1="1" ind2=" ">
            <subfield code="a">Sérieyx, William,</subfield>
            <subfield code="d">1866-</subfield>
        </datafield>
        <datafield tag="245" ind1="1" ind2="0">
            <subfield code="a">Drouot et Napoléon;</subfield>
            <subfield code="b">vie héroïque et sublime du général Drouot.</subfield>
            <subfield code="c">Préface du général Weygand.</subfield>
        </datafield>
        <datafield tag="260" ind1=" " ind2=" ">
            <subfield code="a">Paris,</subfield>
            <subfield code="b">J. Tallandier</subfield>
            <subfield code="c">[c1929]</subfield>
        </datafield>
        <datafield tag="300" ind1=" " ind2=" ">
            <subfield code="a">xvi, 273 p., 1 l.</subfield>
            <subfield code="b">front., plates, ports.</subfield>
        </datafield>
        <datafield tag="504" ind1=" " ind2=" ">
            <subfield code="a">&quot;Bibliographie&quot;: p. [275]-276.</subfield>
        </datafield>
        <datafield tag="600" ind1="1" ind2="0">
            <subfield code="a">Drouot, Antoine,</subfield>
            <subfield code="c">comte,</subfield>
            <subfield code="d">1774-1847.</subfield>
        </datafield>
        <datafield tag="600" ind1="0" ind2="0">
            <subfield code="a">Napoleon</subfield>
            <subfield code="b">I,</subfield>
            <subfield code="c">Emperor of the French,</subfield>
            <subfield code="d">1769-1821.</subfield>
        </datafield>
        <datafield tag="852" ind1="0" ind2=" ">
            <subfield code="a">FTaSU</subfield>
            <subfield code="b">FSUSP</subfield>
            <subfield code="c">NAP</subfield>
            <subfield code="h">DC198.D7</subfield>
            <subfield code="i">S4</subfield>
        </datafield>
        <datafield tag="852" ind1="0" ind2=" ">
            <subfield code="a">FTaSU</subfield>
            <subfield code="b">FSUSP</subfield>
            <subfield code="c">NAP</subfield>
            <subfield code="h">DC198.D7</subfield>
            <subfield code="i">S4</subfield>
        </datafield>
        <datafield tag="951" ind1=" " ind2=" ">
            <subfield code="1">05</subfield>
            <subfield code="a">FSU01:000948600;</subfield>
            <subfield code="5">FTaSU</subfield>
        </datafield>
        <datafield tag="999" ind1=" " ind2=" ">
            <subfield code="a">AFB7033001</subfield>
        </datafield>
    </record>