
    <record>
        <leader>00882nam a2200229K 4500</leader>
        <controlfield tag="001">030439743</controlfield>
        <controlfield tag="004">FSAFC0833001</controlfield>
        <controlfield tag="005">20120301112955.0</controlfield>
        <controlfield tag="008">860114s1906 fr ac 000|0 fre d</controlfield>
        <datafield tag="035" ind1=" " ind2=" ">
            <subfield code="a">(OCoLC)13017130</subfield>
        </datafield>
        <datafield tag="040" ind1=" " ind2=" ">
            <subfield code="a">CLU</subfield>
            <subfield code="c">CLU</subfield>
            <subfield code="d">FDA</subfield>
        </datafield>
        <datafield tag="090" ind1=" " ind2=" ">
            <subfield code="a">DG848.48.P4</subfield>
            <subfield code="b">A24</subfield>
        </datafield>
        <datafield tag="100" ind1="1" ind2=" ">
            <subfield code="a">Pepe, Guglielmo,</subfield>
            <subfield code="d">1783-1855.</subfield>
        </datafield>
        <datafield tag="245" ind1="1" ind2="0">
            <subfield code="a">Mémoires du général Guillaume Pépé, 1783-1846;</subfield>
            <subfield code="b">la Révolution, l'Empire, la Restauration, et le royaume de
                Naples.</subfield>
            <subfield code="c">Publiés d'après originale par Léo Mouton.</subfield>
        </datafield>
        <datafield tag="260" ind1=" " ind2=" ">
            <subfield code="a">Paris,</subfield>
            <subfield code="b">Perrin,</subfield>
            <subfield code="c">1906.</subfield>
        </datafield>
        <datafield tag="300" ind1=" " ind2=" ">
            <subfield code="a">422 p.</subfield>
            <subfield code="b">illus., ports.</subfield>
        </datafield>
        <datafield tag="500" ind1=" " ind2=" ">
            <subfield code="a">At head of title: La révolution, l'empire, la restauration et le
                royaume de Naples.</subfield>
            <subfield code="5">FTaSU</subfield>
        </datafield>
        <datafield tag="651" ind1=" " ind2="0">
            <subfield code="a">Naples (Kingdom)</subfield>
            <subfield code="x">History.</subfield>
        </datafield>
        <datafield tag="852" ind1="0" ind2=" ">
            <subfield code="a">FTaSU</subfield>
            <subfield code="b">FSULC</subfield>
            <subfield code="c">GEN</subfield>
            <subfield code="h">DG848.48.P4</subfield>
            <subfield code="i">A24</subfield>
        </datafield>
        <datafield tag="852" ind1="0" ind2=" ">
            <subfield code="a">FTaSU</subfield>
            <subfield code="b">FSULC</subfield>
            <subfield code="c">GEN</subfield>
            <subfield code="h">DG848.48.P4</subfield>
            <subfield code="i">A24</subfield>
        </datafield>
        <datafield tag="951" ind1=" " ind2=" ">
            <subfield code="1">05</subfield>
            <subfield code="a">FSU01:000950727;</subfield>
            <subfield code="5">FTaSU</subfield>
        </datafield>
        <datafield tag="999" ind1=" " ind2=" ">
            <subfield code="a">AFC0833001</subfield>
        </datafield>
    </record>