
    <record>
        <leader>02230nas a2200445Ia 4500</leader>
        <controlfield tag="001">030566152</controlfield>
        <controlfield tag="004">FSAFF3453001</controlfield>
        <controlfield tag="005">20120623083400.0</controlfield>
        <controlfield tag="008">880601d18991939fr uu p 0|||b0fre d</controlfield>
        <datafield tag="035" ind1=" " ind2=" ">
            <subfield code="a">(OCoLC)18025930</subfield>
        </datafield>
        <datafield tag="040" ind1=" " ind2=" ">
            <subfield code="a">SMI</subfield>
            <subfield code="c">SMI</subfield>
        </datafield>
        <datafield tag="090" ind1=" " ind2=" ">
            <subfield code="a">DC140</subfield>
            <subfield code="b">.R7</subfield>
        </datafield>
        <datafield tag="245" ind1="0" ind2="0">
            <subfield code="a">Revue d'histoire /</subfield>
            <subfield code="c">rédigée à l'État-major de l'Armée (Section historique).</subfield>
        </datafield>
        <datafield tag="246" ind1="3" ind2="3">
            <subfield code="a">Revue militaire.</subfield>
            <subfield code="n">Partie 2,</subfield>
            <subfield code="p">Archives historiques</subfield>
            <subfield code="f">v. 1-2</subfield>
        </datafield>
        <datafield tag="246" ind1="1" ind2="4">
            <subfield code="a">Revue militaire</subfield>
        </datafield>
        <datafield tag="260" ind1=" " ind2=" ">
            <subfield code="a">Paris :</subfield>
            <subfield code="b">R. Chapelot &amp; Cie.,</subfield>
            <subfield code="c">1899-1939.</subfield>
        </datafield>
        <datafield tag="300" ind1=" " ind2=" ">
            <subfield code="a">v. :</subfield>
            <subfield code="b">ill. ;</subfield>
            <subfield code="c">22 cm.</subfield>
        </datafield>
        <datafield tag="310" ind1=" " ind2=" ">
            <subfield code="a">Frequency varies</subfield>
        </datafield>
        <datafield tag="362" ind1="0" ind2=" ">
            <subfield code="a">1er vol. (avril-déc. 1899)-v. 55, no. 6 (juil. 1914); sér. 2, v. 1
                (1922)-v. 18 (oct. 1939).</subfield>
            <subfield code="5">FTaSU</subfield>
        </datafield>
        <datafield tag="515" ind1=" " ind2=" ">
            <subfield code="a">Sér. 2 also numbered: No. 1-182.</subfield>
            <subfield code="5">FTaSU</subfield>
        </datafield>
        <datafield tag="500" ind1=" " ind2=" ">
            <subfield code="a">Issues for 18 -1901 have title on spine: Revue de l'état-major; for
                1902-June 1911 spine title: Revue militaire.</subfield>
            <subfield code="5">FTaSU</subfield>
        </datafield>
        <datafield tag="500" ind1=" " ind2=" ">
            <subfield code="a">Volumes 1-2 issued as: Revue militaire. 2. partie, Archives
                historiques. l. année, 1er vol. (avril-déc. 1899)-2. année, 2eme vol.
                (1900).</subfield>
            <subfield code="5">FTaSU</subfield>
        </datafield>
        <datafield tag="500" ind1=" " ind2=" ">
            <subfield code="a">Supplements issued for and bound with some volumes.</subfield>
            <subfield code="5">FTaSU</subfield>
        </datafield>
        <datafield tag="500" ind1=" " ind2=" ">
            <subfield code="a">Suspended July 1914-1937; annee 17 (1938) bound as
                1914-38.</subfield>
            <subfield code="5">FTaSU</subfield>
        </datafield>
        <datafield tag="651" ind1=" " ind2="0">
            <subfield code="a">France</subfield>
            <subfield code="x">History, Military.</subfield>
        </datafield>
        <datafield tag="710" ind1="1" ind2=" ">
            <subfield code="a">France.</subfield>
            <subfield code="b">Armée.</subfield>
            <subfield code="b">État-Major.</subfield>
        </datafield>
        <datafield tag="710" ind1="2" ind2=" ">
            <subfield code="a">France.</subfield>
            <subfield code="b">Armée.</subfield>
            <subfield code="b">Service historique.</subfield>
        </datafield>
        <datafield tag="852" ind1="0" ind2=" ">
            <subfield code="a">FTaSU</subfield>
            <subfield code="b">FSUSP</subfield>
            <subfield code="c">NAP</subfield>
            <subfield code="h">DC140</subfield>
            <subfield code="i">.R7</subfield>
            <subfield code="x">redes from main</subfield>
        </datafield>
        <datafield tag="866" ind1="3" ind2="1">
            <subfield code="b">FSU STROZIER, Special Coll</subfield>
            <subfield code="c">Napoleon</subfield>
            <subfield code="h">DC140</subfield>
            <subfield code="i">.R7</subfield>
            <subfield code="a">annee 3 (1901)-a. 7, pt. 3 (1905)</subfield>
        </datafield>
        <datafield tag="866" ind1="3" ind2="1">
            <subfield code="b">FSU STROZIER, Special Coll</subfield>
            <subfield code="c">Napoleon</subfield>
            <subfield code="h">DC140</subfield>
            <subfield code="i">.R7</subfield>
            <subfield code="a">annee 8 (1906)-a. 16, pt. 1 (Feb. 1914)</subfield>
        </datafield>
        <datafield tag="866" ind1="3" ind2="1">
            <subfield code="b">FSU STROZIER, Special Coll</subfield>
            <subfield code="c">Napoleon</subfield>
            <subfield code="h">DC140</subfield>
            <subfield code="i">.R7</subfield>
            <subfield code="a">annee 17 (1914-38)-a. 18 (1939)</subfield>
        </datafield>
        <datafield tag="852" ind1="0" ind2=" ">
            <subfield code="a">FTaSU</subfield>
            <subfield code="b">FSUSP</subfield>
            <subfield code="c">NAP</subfield>
            <subfield code="h">DC140</subfield>
            <subfield code="i">.R7</subfield>
            <subfield code="t">2</subfield>
            <subfield code="x">redes from main</subfield>
        </datafield>
        <datafield tag="853" ind1="1" ind2="3">
            <subfield code="8">4</subfield>
            <subfield code="a">a.</subfield>
            <subfield code="i">(year)</subfield>
            <subfield code="j">(month)</subfield>
        </datafield>
        <datafield tag="866" ind1="3" ind2="1">
            <subfield code="b">FSU STROZIER, Special Coll</subfield>
            <subfield code="c">Napoleon</subfield>
            <subfield code="h">DC140</subfield>
            <subfield code="i">.R7</subfield>
            <subfield code="a">15. ann ee (Sept. 1913)</subfield>
        </datafield>
        <datafield tag="866" ind1="3" ind2="1">
            <subfield code="b">FSU STROZIER, Special Coll</subfield>
            <subfield code="c">Napoleon</subfield>
            <subfield code="h">DC140</subfield>
            <subfield code="i">.R7</subfield>
            <subfield code="a">15. ann ee (Nov.-Dec. 1913)</subfield>
        </datafield>
        <datafield tag="852" ind1="0" ind2=" ">
            <subfield code="a">FTaSU</subfield>
            <subfield code="b">FSUSP</subfield>
            <subfield code="c">NAP</subfield>
            <subfield code="h">DC140</subfield>
            <subfield code="i">.R7</subfield>
            <subfield code="x">redes from main</subfield>
        </datafield>
        <datafield tag="852" ind1="0" ind2=" ">
            <subfield code="a">FTaSU</subfield>
            <subfield code="b">FSUSP</subfield>
            <subfield code="c">NAP</subfield>
            <subfield code="h">DC140</subfield>
            <subfield code="i">.R7</subfield>
            <subfield code="t">2</subfield>
            <subfield code="x">redes from main</subfield>
        </datafield>
        <datafield tag="951" ind1=" " ind2=" ">
            <subfield code="1">05</subfield>
            <subfield code="a">FSU01:000973893;</subfield>
            <subfield code="5">FTaSU</subfield>
        </datafield>
        <datafield tag="999" ind1=" " ind2=" ">
            <subfield code="a">AFF3453001</subfield>
        </datafield>
        <datafield tag="999" ind1=" " ind2=" ">
            <subfield code="a">AFF3453002</subfield>
        </datafield>
    </record>