
    <record>
        <leader>01482nam a2200373Ia 4500</leader>
        <controlfield tag="001">030574945</controlfield>
        <controlfield tag="004">FSAFF6194001</controlfield>
        <controlfield tag="005">20100721150618.0</controlfield>
        <controlfield tag="008">830512s1902 uk 001|0ceng d</controlfield>
        <datafield tag="010" ind1=" " ind2=" ">
            <subfield code="a"> 03007334 </subfield>
        </datafield>
        <datafield tag="035" ind1=" " ind2=" ">
            <subfield code="a">(OCoLC)09505368</subfield>
        </datafield>
        <datafield tag="040" ind1=" " ind2=" ">
            <subfield code="a">DLC</subfield>
            <subfield code="c">VMI</subfield>
            <subfield code="d">m/c</subfield>
            <subfield code="d">FDA</subfield>
        </datafield>
        <datafield tag="043" ind1=" " ind2=" ">
            <subfield code="a">e-uk--</subfield>
        </datafield>
        <datafield tag="045" ind1="1" ind2=" ">
            <subfield code="a">v4x6</subfield>
        </datafield>
        <datafield tag="050" ind1=" " ind2=" ">
            <subfield code="a">DC232</subfield>
            <subfield code="b">.S52</subfield>
        </datafield>
        <datafield tag="100" ind1="1" ind2=" ">
            <subfield code="a">Shand, Alexander Innes,</subfield>
            <subfield code="d">1832-1907.</subfield>
        </datafield>
        <datafield tag="245" ind1="1" ind2="0">
            <subfield code="a">Wellington's lieutenants /</subfield>
            <subfield code="c">by Alexander Innes Shand.</subfield>
        </datafield>
        <datafield tag="260" ind1=" " ind2=" ">
            <subfield code="a">London :</subfield>
            <subfield code="b">Smith, Elder &amp; Co.,</subfield>
            <subfield code="c">1902.</subfield>
        </datafield>
        <datafield tag="300" ind1=" " ind2=" ">
            <subfield code="a">vii, 439 p., [9] leaves of plates :</subfield>
            <subfield code="b">ports. ;</subfield>
            <subfield code="c">22 cm.</subfield>
        </datafield>
        <datafield tag="500" ind1=" " ind2=" ">
            <subfield code="a">Includes index.</subfield>
            <subfield code="5">FTaSU</subfield>
        </datafield>
        <datafield tag="505" ind1="0" ind2=" ">
            <subfield code="a">Lord Hill -- General Craufurd -- Sir Thomas Picton -- Marshal
                Beresford -- Lord Lynedoch -- The Earl of Hopetoun -- The Marquis of Anglesey --
                Lord Combermere.</subfield>
            <subfield code="5">FTaSU</subfield>
        </datafield>
        <datafield tag="610" ind1="1" ind2="0">
            <subfield code="a">Great Britain.</subfield>
            <subfield code="b">Army</subfield>
            <subfield code="x">Biography.</subfield>
        </datafield>
        <datafield tag="600" ind1="1" ind2="0">
            <subfield code="a">Hill, Rowland Hill,</subfield>
            <subfield code="c">Viscount,</subfield>
            <subfield code="d">1772-1842.</subfield>
        </datafield>
        <datafield tag="600" ind1="1" ind2="0">
            <subfield code="a">Craufurd, Robert,</subfield>
            <subfield code="d">1764-1812.</subfield>
        </datafield>
        <datafield tag="600" ind1="1" ind2="0">
            <subfield code="a">Picton, Thomas,</subfield>
            <subfield code="c">Sir,</subfield>
            <subfield code="d">1758-1815.</subfield>
        </datafield>
        <datafield tag="600" ind1="1" ind2="0">
            <subfield code="a">Beresford, William Carr,</subfield>
            <subfield code="c">Viscount,</subfield>
            <subfield code="d">1768-1854.</subfield>
        </datafield>
        <datafield tag="600" ind1="1" ind2="0">
            <subfield code="a">Lynedoch, Thomas Graham,</subfield>
            <subfield code="c">Baron,</subfield>
            <subfield code="d">1748-1843.</subfield>
        </datafield>
        <datafield tag="600" ind1="1" ind2="0">
            <subfield code="a">Hopetoun, John Hope,</subfield>
            <subfield code="c">Earl of,</subfield>
            <subfield code="d">1765-1823.</subfield>
        </datafield>
        <datafield tag="600" ind1="1" ind2="0">
            <subfield code="a">Anglesey, Henry William Paget,</subfield>
            <subfield code="c">Marquess,</subfield>
            <subfield code="d">1768-1854.</subfield>
        </datafield>
        <datafield tag="600" ind1="1" ind2="0">
            <subfield code="a">Combermere, Stapleton Cotton,</subfield>
            <subfield code="c">Viscount,</subfield>
            <subfield code="d">1773-1865.</subfield>
        </datafield>
        <datafield tag="852" ind1="0" ind2=" ">
            <subfield code="a">FTaSU</subfield>
            <subfield code="b">FSUSP</subfield>
            <subfield code="c">NAP</subfield>
            <subfield code="h">DC232</subfield>
            <subfield code="i">.S52</subfield>
        </datafield>
        <datafield tag="852" ind1="0" ind2=" ">
            <subfield code="a">FTaSU</subfield>
            <subfield code="b">FSUSP</subfield>
            <subfield code="c">NAP</subfield>
            <subfield code="h">DC232</subfield>
            <subfield code="i">.S52</subfield>
        </datafield>
        <datafield tag="951" ind1=" " ind2=" ">
            <subfield code="1">05</subfield>
            <subfield code="a">FSU01:000976244;</subfield>
            <subfield code="5">FTaSU</subfield>
        </datafield>
        <datafield tag="999" ind1=" " ind2=" ">
            <subfield code="a">AFF6194001</subfield>
        </datafield>
    </record>