
    <record>
        <leader>01102nam a2200253K 4500</leader>
        <controlfield tag="001">030619202</controlfield>
        <controlfield tag="004">FSAFH2699001</controlfield>
        <controlfield tag="005">20120623084100.0</controlfield>
        <controlfield tag="008">881110s1817 fr bc 000|0 fre d</controlfield>
        <datafield tag="035" ind1=" " ind2=" ">
            <subfield code="a">(OCoLC)18736623</subfield>
        </datafield>
        <datafield tag="040" ind1=" " ind2=" ">
            <subfield code="a">CUY</subfield>
            <subfield code="c">CUY</subfield>
            <subfield code="d">FDA</subfield>
        </datafield>
        <datafield tag="090" ind1=" " ind2=" ">
            <subfield code="a">DC218.2</subfield>
            <subfield code="b">.C3</subfield>
        </datafield>
        <datafield tag="100" ind1="1" ind2=" ">
            <subfield code="a">Canuel, Simon,</subfield>
            <subfield code="c">Baron.</subfield>
        </datafield>
        <datafield tag="245" ind1="1" ind2="0">
            <subfield code="a">Mémoires sur la guerre de la Vendée en 1815.</subfield>
            <subfield code="b">Accompagnés de la carte du théatre de cette guerre, et du portrait du
                marquis de La Rochejaquelein.</subfield>
        </datafield>
        <datafield tag="260" ind1=" " ind2=" ">
            <subfield code="a">Paris,</subfield>
            <subfield code="b">J.G. Dentu,</subfield>
            <subfield code="c">1817.</subfield>
        </datafield>
        <datafield tag="300" ind1=" " ind2=" ">
            <subfield code="a">xxxix, 423 p.</subfield>
            <subfield code="b">illus., port., fold. map.</subfield>
        </datafield>
        <datafield tag="651" ind1=" " ind2="0">
            <subfield code="a">France</subfield>
            <subfield code="x">History</subfield>
            <subfield code="y">Wars of the Vendée, 1793-1832.</subfield>
        </datafield>
        <datafield tag="600" ind1="1" ind2="0">
            <subfield code="a">La Rochejaquelein, Henri du Vergier,</subfield>
            <subfield code="c">comte de,</subfield>
            <subfield code="d">1772-1794.</subfield>
        </datafield>
        <datafield tag="651" ind1=" " ind2="0">
            <subfield code="a">France</subfield>
            <subfield code="x">History</subfield>
            <subfield code="y">Revolution, 1789-1799</subfield>
            <subfield code="x">Personal narratives.</subfield>
        </datafield>
        <datafield tag="852" ind1="0" ind2=" ">
            <subfield code="a">FTaSU</subfield>
            <subfield code="b">FSUSP</subfield>
            <subfield code="c">NAP</subfield>
            <subfield code="h">DC218.2</subfield>
            <subfield code="i">.C3</subfield>
            <subfield code="x">Redesignated from subbasement 10/03/2006 rjm</subfield>
        </datafield>
        <datafield tag="852" ind1="0" ind2=" ">
            <subfield code="a">FTaSU</subfield>
            <subfield code="b">FSUSP</subfield>
            <subfield code="c">NAP</subfield>
            <subfield code="h">DC218.2</subfield>
            <subfield code="i">.C3</subfield>
            <subfield code="x">Redesignated from subbasement 10/03/2006 rjm</subfield>
        </datafield>
        <datafield tag="852" ind1="0" ind2=" ">
            <subfield code="a">FTaSU</subfield>
            <subfield code="b">FSULC</subfield>
            <subfield code="c">GEN</subfield>
            <subfield code="h">DC218.2</subfield>
            <subfield code="i">.C3</subfield>
            <subfield code="x">Withdrawn 10/06/2011 nmd</subfield>
        </datafield>
        <datafield tag="951" ind1=" " ind2=" ">
            <subfield code="1">05</subfield>
            <subfield code="a">FSU01:000990469;</subfield>
            <subfield code="5">FTaSU</subfield>
        </datafield>
        <datafield tag="999" ind1=" " ind2=" ">
            <subfield code="a">AFH2699001</subfield>
        </datafield>
    </record>