
    <record>
        <leader>00861cam a2200241I 4500</leader>
        <controlfield tag="001">032834873</controlfield>
        <controlfield tag="005">20140710115731.0</controlfield>
        <controlfield tag="008">890811s1953 dcu f000 0 eng d</controlfield>
        <datafield tag="035" ind1=" " ind2=" ">
            <subfield code="a">(OCoLC)20160404</subfield>
        </datafield>
        <datafield tag="040" ind1=" " ind2=" ">
            <subfield code="a">PPC</subfield>
            <subfield code="b">eng</subfield>
            <subfield code="c">PPC</subfield>
            <subfield code="d">IUL</subfield>
            <subfield code="d">OCLCQ</subfield>
            <subfield code="d">FDA</subfield>
        </datafield>
        <datafield tag="049" ind1=" " ind2=" ">
            <subfield code="a">FDAA</subfield>
        </datafield>
        <datafield tag="050" ind1=" " ind2="4">
            <subfield code="a">RA11</subfield>
            <subfield code="b">.B19 no. 331</subfield>
        </datafield>
        <datafield tag="086" ind1="0" ind2=" ">
            <subfield code="a">FS 2.2:D 54/5</subfield>
        </datafield>
        <datafield tag="110" ind1="1" ind2=" ">
            <subfield code="a">United States.</subfield>
            <subfield code="b">Public Health Service</subfield>
        </datafield>
        <datafield tag="245" ind1="1" ind2="0">
            <subfield code="a">? Diabetes /</subfield>
            <subfield code="c">U.S. Dept. of Health, Education, and Welfare, Public Health
                Service.</subfield>
        </datafield>
        <datafield tag="260" ind1=" " ind2=" ">
            <subfield code="a">[Washington, D.C.,</subfield>
            <subfield code="c">1953]</subfield>
        </datafield>
        <datafield tag="300" ind1=" " ind2=" ">
            <subfield code="a">[4] p. ;</subfield>
            <subfield code="c">23 cm.</subfield>
        </datafield>
        <datafield tag="490" ind1="1" ind2=" ">
            <subfield code="a">Public Health Service publication,</subfield>
            <subfield code="v">no. 331</subfield>
        </datafield>
        <datafield tag="590" ind1=" " ind2=" ">
            <subfield code="a">FSU: ASERL Collection.</subfield>
            <subfield code="5">FTaSU</subfield>
        </datafield>
        <datafield tag="650" ind1=" " ind2="0">
            <subfield code="a">Diabetes.</subfield>
        </datafield>
        <datafield tag="830" ind1=" " ind2="0">
            <subfield code="a">Public Health Service publication ;</subfield>
            <subfield code="v">no. 331.</subfield>
        </datafield>
        <datafield tag="852" ind1="3" ind2=" ">
            <subfield code="a">FTaSU</subfield>
            <subfield code="b">FSUDC</subfield>
            <subfield code="c">DOC</subfield>
            <subfield code="h">FS 2.2:D 54/5</subfield>
            <subfield code="x">FSU: ASERL Collection</subfield>
        </datafield>
        <datafield tag="852" ind1="3" ind2=" ">
            <subfield code="a">FTaSU</subfield>
            <subfield code="b">FSUDC</subfield>
            <subfield code="c">DOC</subfield>
            <subfield code="h">FS 2.2:D 54/5</subfield>
            <subfield code="x">FSU: ASERL Collection</subfield>
        </datafield>
    </record>