
<!--    <record>
        <leader>03633cam a2200745K 4500</leader>
        <controlfield tag="001">032857957</controlfield>
        <controlfield tag="005">20160922125831.0</controlfield>
        <controlfield tag="006">m o d </controlfield>
        <controlfield tag="007">cr un||||a|a||</controlfield>
        <controlfield tag="008">100425s1968 mauac ob 000 0 eng d</controlfield>
        <datafield tag="019" ind1=" " ind2=" ">
            <subfield code="a">443273377</subfield>
            <subfield code="a">643530016</subfield>
        </datafield>
        <datafield tag="020" ind1=" " ind2=" ">
            <subfield code="a">9780674030190 (electronic bk.)</subfield>
        </datafield>
        <datafield tag="020" ind1=" " ind2=" ">
            <subfield code="a">0674030192 (electronic bk.)</subfield>
        </datafield>
        <datafield tag="029" ind1="1" ind2=" ">
            <subfield code="a">NZ1</subfield>
            <subfield code="b">15322410</subfield>
        </datafield>
        <datafield tag="029" ind1="1" ind2=" ">
            <subfield code="a">DKDLA</subfield>
            <subfield code="b">820120-katalog:000639978</subfield>
        </datafield>
        <datafield tag="035" ind1=" " ind2=" ">
            <subfield code="a">(OCoLC)609330280</subfield>
        </datafield>
        <datafield tag="040" ind1=" " ind2=" ">
            <subfield code="a">OCLCE</subfield>
            <subfield code="b">eng</subfield>
            <subfield code="c">OCLCE</subfield>
            <subfield code="d">N$T</subfield>
            <subfield code="d">OCLCQ</subfield>
            <subfield code="d">E7B</subfield>
            <subfield code="d">OCLCQ</subfield>
            <subfield code="d">OCLCF</subfield>
            <subfield code="d">OCLCO</subfield>
        </datafield>
        <datafield tag="042" ind1=" " ind2=" ">
            <subfield code="a">dlr</subfield>
        </datafield>
        <datafield tag="043" ind1=" " ind2=" ">
            <subfield code="a">e-fr-\-\-</subfield>
        </datafield>
        <datafield tag="049" ind1=" " ind2=" ">
            <subfield code="a">FPUA</subfield>
        </datafield>
        <datafield tag="050" ind1=" " ind2="4">
            <subfield code="a">BF1125</subfield>
            <subfield code="b">.D37</subfield>
        </datafield>
        <datafield tag="060" ind1=" " ind2="4">
            <subfield code="a">BF 1125</subfield>
            <subfield code="b">D223m 1968</subfield>
        </datafield>
        <datafield tag="072" ind1=" " ind2="7">
            <subfield code="a">PSY</subfield>
            <subfield code="x">035000</subfield>
            <subfield code="2">bisacsh</subfield>
        </datafield>
        <datafield tag="072" ind1=" " ind2="7">
            <subfield code="a">SEL</subfield>
            <subfield code="x">017000</subfield>
            <subfield code="2">bisacsh</subfield>
        </datafield>
        <datafield tag="082" ind1="0" ind2="4">
            <subfield code="a">154.7/2</subfield>
        </datafield>
        <datafield tag="084" ind1=" " ind2=" ">
            <subfield code="a">02.01</subfield>
            <subfield code="2">bcl</subfield>
        </datafield>
        <datafield tag="100" ind1="1" ind2=" ">
            <subfield code="a">Darnton, Robert.</subfield>
        </datafield>
        <datafield tag="245" ind1="1" ind2="0">
            <subfield code="a">Mesmerism and the end of the Enlightenment in France</subfield>
            <subfield code="h">[electronic resource].</subfield>
        </datafield>
        <datafield tag="260" ind1=" " ind2=" ">
            <subfield code="a">Cambridge, Mass.,</subfield>
            <subfield code="b">Harvard University Press,</subfield>
            <subfield code="c">1968.</subfield>
        </datafield>
        <datafield tag="300" ind1=" " ind2=" ">
            <subfield code="a">1 online resource (xiii, 218 p.)</subfield>
            <subfield code="b">illus., ports.</subfield>
        </datafield>
        <datafield tag="336" ind1=" " ind2=" ">
            <subfield code="a">text</subfield>
            <subfield code="b">txt</subfield>
            <subfield code="2">rdacontent</subfield>
        </datafield>
        <datafield tag="337" ind1=" " ind2=" ">
            <subfield code="a">computer</subfield>
            <subfield code="b">c</subfield>
            <subfield code="2">rdamedia</subfield>
        </datafield>
        <datafield tag="338" ind1=" " ind2=" ">
            <subfield code="a">online resource</subfield>
            <subfield code="b">cr</subfield>
            <subfield code="2">rdacarrier</subfield>
        </datafield>
        <datafield tag="504" ind1=" " ind2=" ">
            <subfield code="a">Includes bibliographical references.</subfield>
        </datafield>
        <datafield tag="588" ind1=" " ind2=" ">
            <subfield code="a">Description based on print version record.</subfield>
        </datafield>
        <datafield tag="506" ind1=" " ind2=" ">
            <subfield code="3">Use copy</subfield>
            <subfield code="f">Restrictions unspecified</subfield>
            <subfield code="2">star</subfield>
            <subfield code="5">MiAaHDL</subfield>
        </datafield>
        <datafield tag="533" ind1=" " ind2=" ">
            <subfield code="a">Electronic reproduction.</subfield>
            <subfield code="b">[S.l.] :</subfield>
            <subfield code="c">HathiTrust Digital Library,</subfield>
            <subfield code="d">2010.</subfield>
            <subfield code="5">MiAaHDL</subfield>
        </datafield>
        <datafield tag="538" ind1=" " ind2=" ">
            <subfield code="a">Master and use copy. Digital master created according to Benchmark
                for Faithful Digital Reproductions of Monographs and Serials, Version 1. Digital
                Library Federation, December 2002.</subfield>
            <subfield code="u">http://purl.oclc.org/DLF/benchrepro0212</subfield>
            <subfield code="5">MiAaHDL</subfield>
        </datafield>
        <datafield tag="583" ind1="1" ind2=" ">
            <subfield code="a">digitized</subfield>
            <subfield code="c">2010</subfield>
            <subfield code="h">HathiTrust Digital Library</subfield>
            <subfield code="l">committed to preserve</subfield>
            <subfield code="2">pda</subfield>
            <subfield code="5">MiAaHDL</subfield>
        </datafield>
        <datafield tag="590" ind1=" " ind2=" ">
            <subfield code="x">UWF</subfield>
            <subfield code="x">(FPeU)EBSCOPURCHASED</subfield>
            <subfield code="x">(FPeU)EBSCO</subfield>
            <subfield code="x">(FPeU)EBEBSCO</subfield>
            <subfield code="x">(FPeU)EBOOK</subfield>
            <subfield code="x">(FPeU)ELEC</subfield>
            <subfield code="5">KEEPWF</subfield>
            <subfield code="x">FPeU</subfield>
        </datafield>
        <datafield tag="650" ind1=" " ind2="0">
            <subfield code="a">Mesmerism</subfield>
            <subfield code="z">France.</subfield>
        </datafield>
        <datafield tag="650" ind1=" " ind2="0">
            <subfield code="a">Enlightenment</subfield>
            <subfield code="z">France.</subfield>
        </datafield>
        <datafield tag="651" ind1=" " ind2="0">
            <subfield code="a">France</subfield>
            <subfield code="x">Intellectual life</subfield>
            <subfield code="y">18th century.</subfield>
        </datafield>
        <datafield tag="650" ind1=" " ind2="2">
            <subfield code="a">Hypnosis</subfield>
            <subfield code="x">History.</subfield>
        </datafield>
        <datafield tag="650" ind1=" " ind2="6">
            <subfield code="a">Mesmerisme</subfield>
            <subfield code="z">France.</subfield>
        </datafield>
        <datafield tag="650" ind1=" " ind2="6">
            <subfield code="a">Siècle des lumières.</subfield>
        </datafield>
        <datafield tag="651" ind1=" " ind2="6">
            <subfield code="a">France</subfield>
            <subfield code="x">Vie intellectuelle.</subfield>
        </datafield>
        <datafield tag="650" ind1=" " ind2="7">
            <subfield code="a">PSYCHOLOGY</subfield>
            <subfield code="x">Hypnotism.</subfield>
            <subfield code="2">bisacsh</subfield>
        </datafield>
        <datafield tag="650" ind1=" " ind2="7">
            <subfield code="a">SELF-HELP</subfield>
            <subfield code="x">Self-Hypnosis.</subfield>
            <subfield code="2">bisacsh</subfield>
        </datafield>
        <datafield tag="650" ind1="1" ind2="7">
            <subfield code="a">Mesmerisme.</subfield>
            <subfield code="2">gtt</subfield>
        </datafield>
        <datafield tag="655" ind1=" " ind2="4">
            <subfield code="a">Electronic books.</subfield>
        </datafield>
        <datafield tag="648" ind1=" " ind2="7">
            <subfield code="a">1700 - 1799</subfield>
            <subfield code="2">fast</subfield>
        </datafield>
        <datafield tag="650" ind1=" " ind2="7">
            <subfield code="a">Enlightenment.</subfield>
            <subfield code="2">fast</subfield>
            <subfield code="0">(OCoLC)fst00912527</subfield>
        </datafield>
        <datafield tag="650" ind1=" " ind2="7">
            <subfield code="a">Intellectual life.</subfield>
            <subfield code="2">fast</subfield>
            <subfield code="0">(OCoLC)fst00975769</subfield>
        </datafield>
        <datafield tag="650" ind1=" " ind2="7">
            <subfield code="a">Mesmerism.</subfield>
            <subfield code="2">fast</subfield>
            <subfield code="0">(OCoLC)fst01017315</subfield>
        </datafield>
        <datafield tag="651" ind1=" " ind2="7">
            <subfield code="a">France.</subfield>
            <subfield code="2">fast</subfield>
            <subfield code="0">(OCoLC)fst01204289</subfield>
        </datafield>
        <datafield tag="776" ind1="0" ind2="8">
            <subfield code="i">Print version:</subfield>
            <subfield code="a">Darnton, Robert.</subfield>
            <subfield code="t">Mesmerism and the end of the Enlightenment in France.</subfield>
            <subfield code="d">Cambridge, Mass., Harvard University Press, 1968</subfield>
            <subfield code="w">(DLC) 68025607</subfield>
            <subfield code="w">(OCoLC)283547</subfield>
        </datafield>
        <datafield tag="856" ind1="4" ind2="0">
            <subfield code="u"
                >http://ezproxy.lib.uwf.edu/login?url=http://search.ebscohost.com/login.aspx?direct=true&amp;scope=site&amp;db=nlebk&amp;db=nlabk&amp;AN=282694</subfield>
            <subfield code="y">UWF : Full-Text Available Online (off-campus access restricted to
                current UWF students , faculty , &amp; staff)</subfield>
            <subfield code="z">Read Online</subfield>
            <subfield code="5">FPeU</subfield>
        </datafield>
        <datafield tag="856" ind1="4" ind2="0">
            <subfield code="u"
                >http://flpoly-proxy.flvc.org/login?url=http://search.ebscohost.com/login.aspx?direct=true&amp;scope=site&amp;db=nlebk&amp;AN=282694</subfield>
            <subfield code="y">FLORIDA POLYTECHNIC UNIVERSITY ONLINE ACCESS</subfield>
            <subfield code="5">FlLlFPU</subfield>
        </datafield>
        <datafield tag="852" ind1="8" ind2=" ">
            <subfield code="a">FPeU</subfield>
            <subfield code="b">WFPAC</subfield>
            <subfield code="c">PELE</subfield>
            <subfield code="h">Internet</subfield>
        </datafield>
        <datafield tag="856" ind1="4" ind2="0">
            <subfield code="x">migrated</subfield>
        </datafield>
        <datafield tag="866" ind1="3" ind2="1">
            <subfield code="b">UWF Library</subfield>
            <subfield code="c">Electronic Resource</subfield>
            <subfield code="h">Internet</subfield>
            <subfield code="x">UWF</subfield>
            <subfield code="x">(FPeU)EBSCOPURCHASED</subfield>
            <subfield code="x">(FPeU)EBSCO</subfield>
            <subfield code="x">(FPeU)EBEBSCO</subfield>
            <subfield code="x">(FPeU)EBOOK</subfield>
            <subfield code="x">(FPeU)ELEC</subfield>
            <subfield code="5">KEEPWF</subfield>
            <subfield code="x">FPeU</subfield>
        </datafield>
        <datafield tag="852" ind1="0" ind2=" ">
            <subfield code="a">FlLlFPU</subfield>
            <subfield code="b">FPTER</subfield>
            <subfield code="c">EBOOK</subfield>
            <subfield code="h">BF1125</subfield>
            <subfield code="i">.D37</subfield>
            <subfield code="l">ONLINE</subfield>
            <subfield code="x">Subscription</subfield>
        </datafield>
        <datafield tag="852" ind1="8" ind2=" ">
            <subfield code="a">FPeU</subfield>
            <subfield code="b">WFPAC</subfield>
            <subfield code="c">PELE</subfield>
            <subfield code="h">Internet</subfield>
        </datafield>
        <datafield tag="852" ind1="0" ind2=" ">
            <subfield code="a">FlLlFPU</subfield>
            <subfield code="b">FPTER</subfield>
            <subfield code="c">EBOOK</subfield>
            <subfield code="h">BF1125</subfield>
            <subfield code="i">.D37</subfield>
            <subfield code="l">ONLINE</subfield>
            <subfield code="x">Subscription</subfield>
        </datafield>
    </record>