-->
    <record>
        <leader>01336cam a2200265Ia 4500</leader>
        <controlfield tag="001">032985685</controlfield>
        <controlfield tag="005">20161213101653.0</controlfield>
        <controlfield tag="008">820216s1823 enkaef 000 0deng d</controlfield>
        <datafield tag="035" ind1=" " ind2=" ">
            <subfield code="a">(OCoLC)219936537</subfield>
        </datafield>
        <datafield tag="040" ind1=" " ind2=" ">
            <subfield code="a">AU@</subfield>
            <subfield code="b">eng</subfield>
            <subfield code="c">AU@</subfield>
            <subfield code="d">OCLCQ</subfield>
            <subfield code="d">OCLCF</subfield>
            <subfield code="d">OCLCO</subfield>
            <subfield code="d">FDA</subfield>
        </datafield>
        <datafield tag="049" ind1=" " ind2=" ">
            <subfield code="a">FDAA</subfield>
        </datafield>
        <datafield tag="050" ind1="0" ind2="4">
            <subfield code="a">DC211</subfield>
            <subfield code="b">.L37213 1823</subfield>
        </datafield>
        <datafield tag="100" ind1="1" ind2=" ">
            <subfield code="a">Las Cases, Emmanuel-Auguste-Dieudonné,</subfield>
            <subfield code="c">comte de,</subfield>
            <subfield code="d">1766-1842</subfield>
            <subfield code="e">author.</subfield>
        </datafield>
        <datafield tag="245" ind1="1" ind2="0">
            <subfield code="a">Memorial de Sainte Héléne :</subfield>
            <subfield code="b">journal of the private life and conversations of the emperor Napoleon
                at Saint Helena /</subfield>
            <subfield code="c">by the Count De Las Cases.</subfield>
        </datafield>
        <datafield tag="246" ind1="3" ind2=" ">
            <subfield code="a">Journal of the private life and conversations of the emperor Napoleon
                at Saint Helena</subfield>
        </datafield>
        <datafield tag="260" ind1=" " ind2=" ">
            <subfield code="a">London [England] :</subfield>
            <subfield code="b">Printed for Henry Colburn,</subfield>
            <subfield code="c">1823100506189</subfield>
            <subfield code="e">(London [England] :</subfield>
            <subfield code="f">S. and R. Bentley)</subfield>
        </datafield>
        <datafield tag="300" ind1=" " ind2=" ">
            <subfield code="a">2 v. in 4 :</subfield>
            <subfield code="b">ill., 1 plate, 1 folded plan ;</subfield>
            <subfield code="c">23 cm.</subfield>
        </datafield>
        <datafield tag="600" ind1="0" ind2="0">
            <subfield code="a">Napoleon</subfield>
            <subfield code="b">I,</subfield>
            <subfield code="c">Emperor of the French,</subfield>
            <subfield code="d">1769-1821.</subfield>
        </datafield>
        <datafield tag="600" ind1="0" ind2="0">
            <subfield code="a">Napoleon</subfield>
            <subfield code="b">I,</subfield>
            <subfield code="c">Emperor of the French,</subfield>
            <subfield code="d">1769-1821</subfield>
            <subfield code="x">Captivity, 1815-1821.</subfield>
        </datafield>
        <datafield tag="600" ind1="0" ind2="7">
            <subfield code="a">Napoleon</subfield>
            <subfield code="b">I,</subfield>
            <subfield code="c">Emperor of the French,</subfield>
            <subfield code="d">1769-1821.</subfield>
            <subfield code="2">fast</subfield>
            <subfield code="0">(OCoLC)fst00035482</subfield>
        </datafield>
        <datafield tag="648" ind1=" " ind2="7">
            <subfield code="a">1815 - 1821</subfield>
            <subfield code="2">fast</subfield>
        </datafield>
        <datafield tag="700" ind1="1" ind2=" ">
            <subfield code="a">Colburn, Henry,</subfield>
            <subfield code="d">-1855,</subfield>
            <subfield code="e">publisher.</subfield>
        </datafield>
        <datafield tag="852" ind1="0" ind2=" ">
            <subfield code="h">DC211</subfield>
            <subfield code="i">.L37213 1823</subfield>
            <subfield code="a">FTaSU</subfield>
            <subfield code="b">FSUSP</subfield>
            <subfield code="c">NAP</subfield>
        </datafield>
        <datafield tag="866" ind1="3" ind2="1">
            <subfield code="b">FSU STROZIER, Special Coll</subfield>
            <subfield code="c">Napoleon</subfield>
            <subfield code="h">DC211</subfield>
            <subfield code="i">.L37213 1823</subfield>
            <subfield code="a">v. 1-2</subfield>
        </datafield>
        <datafield tag="852" ind1="0" ind2=" ">
            <subfield code="h">DC211</subfield>
            <subfield code="i">.L37213 1823</subfield>
            <subfield code="a">FTaSU</subfield>
            <subfield code="b">FSUSP</subfield>
            <subfield code="c">NAP</subfield>
        </datafield>
    </record>