
    <record>
        <leader>11440nam a2200337Ii 4500</leader>
        <controlfield tag="001">033813061</controlfield>
        <controlfield tag="005">20151028103330.0</controlfield>
        <controlfield tag="008">151028s2008 po abei b 100 0 por d</controlfield>
        <datafield tag="020" ind1=" " ind2=" ">
            <subfield code="a">9789898129710</subfield>
            <subfield code="q">paperback</subfield>
        </datafield>
        <datafield tag="020" ind1=" " ind2=" ">
            <subfield code="a">9898129719</subfield>
            <subfield code="q">paperback</subfield>
        </datafield>
        <datafield tag="035" ind1=" " ind2=" ">
            <subfield code="a">(OCoLC)927106216</subfield>
        </datafield>
        <datafield tag="040" ind1=" " ind2=" ">
            <subfield code="a">FDA</subfield>
            <subfield code="b">eng</subfield>
            <subfield code="e">rda</subfield>
            <subfield code="c">FDA</subfield>
        </datafield>
        <datafield tag="041" ind1="0" ind2=" ">
            <subfield code="a">por</subfield>
            <subfield code="a">eng</subfield>
            <subfield code="a">fre</subfield>
        </datafield>
        <datafield tag="049" ind1=" " ind2=" ">
            <subfield code="a">FDAA</subfield>
        </datafield>
        <datafield tag="050" ind1=" " ind2="4">
            <subfield code="a">DC231</subfield>
            <subfield code="b">.G84 2008</subfield>
        </datafield>
        <datafield tag="245" ind1="0" ind2="2">
            <subfield code="a">A guerra peninsular :</subfield>
            <subfield code="b">perspectivas multidisciplinares ; Congresso Internacional e
                Interdisciplinar Evocativo da Guerra Peninsular, integrando o XVII Colóquio de
                História Militar nos 200 Anos das Invasões Napoleónicas em Portugal, Actas
                /</subfield>
            <subfield code="c">coordenação, Maria Leonor Machado de Sousa.</subfield>
        </datafield>
        <datafield tag="264" ind1=" " ind2="1">
            <subfield code="a">Portugal :</subfield>
            <subfield code="b">Comissão Portuguesa de História Militar :</subfield>
            <subfield code="b">Centro de Estudos Anglo-Portugueses,</subfield>
            <subfield code="c">2008.</subfield>
        </datafield>
        <datafield tag="300" ind1=" " ind2=" ">
            <subfield code="a">2 volumes :</subfield>
            <subfield code="b">illustrations (some colour), maps, plans, coats of arms ;</subfield>
            <subfield code="c">24 cm</subfield>
        </datafield>
        <datafield tag="336" ind1=" " ind2=" ">
            <subfield code="a">text</subfield>
            <subfield code="b">txt</subfield>
            <subfield code="2">rdacontent</subfield>
        </datafield>
        <datafield tag="337" ind1=" " ind2=" ">
            <subfield code="a">unmediated</subfield>
            <subfield code="b">n</subfield>
            <subfield code="2">rdamedia</subfield>
        </datafield>
        <datafield tag="338" ind1=" " ind2=" ">
            <subfield code="a">volume</subfield>
            <subfield code="b">nc</subfield>
            <subfield code="2">rdacarrier</subfield>
        </datafield>
        <datafield tag="500" ind1=" " ind2=" ">
            <subfield code="a">International conference proceedings.</subfield>
        </datafield>
        <datafield tag="504" ind1=" " ind2=" ">
            <subfield code="a">Includes bibliographical references.</subfield>
        </datafield>
        <datafield tag="505" ind1="0" ind2="0">
            <subfield code="g">Volume 1.</subfield>
            <subfield code="t">As Guerras Peninsulares revisitadas /</subfield>
            <subfield code="r">António Pedro Vicente ;</subfield>
            <subfield code="t">Quais foram os aspectos determinantes e o tempo de duração da
                Guerra Peninsular? /</subfield>
            <subfield code="r">Eurico de Ataíde Malafaia ;</subfield>
            <subfield code="t">Portugal militar no início di século XIX /</subfield>
            <subfield code="r">João Vieira Borges ;</subfield>
            <subfield code="t">A 1.a Invasão Francesa :</subfield>
            <subfield code="t">porque não se lutou desde a primeira hora? /</subfield>
            <subfield code="r">João José Brandão Ferreira ;</subfield>
            <subfield code="t">Portugal no concerto das naçoes da Europa na época napoleónica
                :</subfield>
            <subfield code="t">uma visão geopolítica da história /</subfield>
            <subfield code="r">Pedro de Avillez ;</subfield>
            <subfield code="t">A marinha de Guerra Portuguesa nos finais do século XVIII
                /</subfield>
            <subfield code="r">José António Rodrigues Pereira ;</subfield>
            <subfield code="t">A raiva dos militares do Norte quando souberam que os espanhóis e os
                franceses entraram em Portugal (1807) /</subfield>
            <subfield code="r">Manuel Jorge Pereira de Carvalho ;</subfield>
            <subfield code="t">As Invasões Francesas :</subfield>
            <subfield code="t">a acção das tropas portuguesas relatada pelo General Bartolomeu
                Sesinando Ribeiro Artur /</subfield>
            <subfield code="r">José Manuel Vieira dos Santos ;</subfield>
            <subfield code="t">Portuguese resistance to Napoleon :</subfield>
            <subfield code="t">Dom Miguel Forjaz and the mobilization of Portugal /</subfield>
            <subfield code="r">Francisco de la Fuente ;</subfield>
            <subfield code="t">A 1.a invasão e a mobilização concelhia para a defesa da fronteira
                transmontana /</subfield>
            <subfield code="r">Rogério Borralheiro ;</subfield>
            <subfield code="t">O norte de Portugal e a Galiza em luta contra os invasores
                /</subfield>
            <subfield code="r">Henrique José Martins de Matos ;</subfield>
            <subfield code="t">La Revolucion de 1808 en España y Portugal en la obra del Dr.
                Vicente José Ferreira Cardoso da Costa /</subfield>
            <subfield code="r">Antonio Moliner Prada ;</subfield>
            <subfield code="t">Elvas na primeira Invasão Francesa /</subfield>
            <subfield code="r">Teresa Fonseca ;</subfield>
            <subfield code="t">O saque de Montemor-o-Novo e Évora por Loison nos relatos da época
                /</subfield>
            <subfield code="r">Jorge Fonseca ;</subfield>
            <subfield code="t">O saque de Évora pelo Exército Napoleónico em 1808 :</subfield>
            <subfield code="t">o testemunho de Dom Frei Manuel do Cenáculo /</subfield>
            <subfield code="r">Francisco António Lourenço Vaz ;</subfield>
            <subfield code="t">A &quot;pastoral&quot; do Arcebispo de Évora (1807) /</subfield>
            <subfield code="r">Manuel Filipe Cruz Canaveira ;</subfield>
            <subfield code="t">The British cemetery, Elvas /</subfield>
            <subfield code="r">Nick Hallidie ;</subfield>
            <subfield code="t">Olhão e o Algarve na revolta de 1808 /</subfield>
            <subfield code="r">António Rosa Mendes ;</subfield>
            <subfield code="t">A ilha de Madeira pelos ingleses em 1807 :</subfield>
            <subfield code="t">a ocupação da Madeira pelos ingleses em 1807 /</subfield>
            <subfield code="r">Rui Carita ;</subfield>
            <subfield code="t">Um bastião britânico :</subfield>
            <subfield code="t">a ilha da Madeira durante a Guerra Peninsular /</subfield>
            <subfield code="r">Paulo Miguel Rodrígues ;</subfield>
            <subfield code="t">A passagem das Talhadas /</subfield>
            <subfield code="r">Nuno Valdez dos Santos ;</subfield>
            <subfield code="t">&quot;Manage them the best you can&quot; :</subfield>
            <subfield code="t">integrating allied cavalry during the Peninsular War /</subfield>
            <subfield code="r">Mark T. Gerges ;</subfield>
            <subfield code="t">Análise histórica e território :</subfield>
            <subfield code="t">contributo para o estudo da defesa da cidade de Lisboa :</subfield>
            <subfield code="t">as Guerras Peninsulares /</subfield>
            <subfield code="r">Helena Rua ;</subfield>
            <subfield code="t">Beresford e a reconstrução do exército português em Tempo de
                Guerra /</subfield>
            <subfield code="r">José Miguel Moreira Freire ;</subfield>
            <subfield code="t">&quot;Sem Rei nem Roque&quot; :</subfield>
            <subfield code="t">o apocalíptico ano de 1807 /</subfield>
            <subfield code="r">José Miguel Sardica ;</subfield>
            <subfield code="t">A partida da Família Real para o Brasil em 1807 :</subfield>
            <subfield code="t">estratégia e logística naval :</subfield>
            <subfield code="t">uma tentativa de revisão da questão /</subfield>
            <subfield code="r">Carlos Manuel Valentim ;</subfield>
            <subfield code="t">A transferência do governo português para o Rio de Janeiro, a
                preservação da integridade da monarquia portuguesa e um dos generais invencíveis
                que Napoleão teve :</subfield>
            <subfield code="t">o príncipe-regente de Portugal /</subfield>
            <subfield code="r">Luiz Manoel Cavalcanti Gazzaneo ;</subfield>
            <subfield code="t">Os Arquivos levados para o Brasil pela Corte /</subfield>
            <subfield code="r">Maria José Bigotte Chorão ;</subfield>
            <subfield code="t">Reflexões sobre a Guerra nos Oitocentos (Brasil-Portugal)
                /</subfield>
            <subfield code="r">Janaina Cardoso de Mello ;</subfield>
            <subfield code="t">A casa do rei :</subfield>
            <subfield code="t">reflexões sobre a Moradia de D. João VI no Brasil /</subfield>
            <subfield code="r">Regina Dantas ;</subfield>
            <subfield code="t">A Invasão Francesa e a partida para o Brasil da Família Real e da
                Corte Portuguesas segundo as memórias do. 7.o Marquês de Fronteira /</subfield>
            <subfield code="r">Nuno Simão Ferreira ;</subfield>
            <subfield code="t">&quot;The peasant of Portugal&quot; :</subfield>
            <subfield code="t">um guerrilheiro mítico no imaginário romântico /</subfield>
            <subfield code="r">João Almeido Flor ;</subfield>
            <subfield code="t">A 2.a Invasão Francesa em The Sisters of the Douro /</subfield>
            <subfield code="r">Manuel Gomes da Torre ;</subfield>
            <subfield code="t">As relações Anglo-Portuguesas durante a Guerra Peninsular em A Casa
                dos Fantasmas (1865), de Rebelo da Silva /</subfield>
            <subfield code="r">Rogério Miguel Puga ;</subfield>
            <subfield code="t">Monarquia e jacobinismo em Paixão de Maria do Céu, de Carlos
                Malheiro Dias /</subfield>
            <subfield code="r">António Martins Gomes ;</subfield>
            <subfield code="t">Waiting for Junot :</subfield>
            <subfield code="t">os filhos da estrela e a serra da lua /</subfield>
            <subfield code="r">Miguel Alarcão ;</subfield>
            <subfield code="t">Da baioneta à pena :</subfield>
            <subfield code="t">As Invasões Francesas na obra de Arnaldo Gama /</subfield>
            <subfield code="r">Aires Gomes Fernandes ;</subfield>
            <subfield code="t">Dinastia, instituiçao, território :</subfield>
            <subfield code="t">a simbólica estatal portuguesa e as armas do Reino Unido de
                Portugal, Brasil e Algarves /</subfield>
            <subfield code="r">Miguel Metelo Seixas ;</subfield>
            <subfield code="t">A &quot;Revolução Napoleónica&quot; e o seu contributo para a
                Revoluçao Falerística Portuguesa /</subfield>
            <subfield code="r">Humberto Nuno de Oliveira ;</subfield>
            <subfield code="t">Influências da Guerra Peninsular na heráldica e vexilologia
                castrenses /</subfield>
            <subfield code="r">José Manuel Pedroso da Silva, Miguel Empis Sanches de Baêna
                --</subfield>
            <subfield code="g">Volume 2.</subfield>
            <subfield code="t">Reflexões em torno de uma escrita de viagens no contexto das guerras
                peninsulares :</subfield>
            <subfield code="t">a viagem sentimental à província do Minho em Agosto e Setembro de
                1809 /</subfield>
            <subfield code="r">Ana Paula Avelar ;</subfield>
            <subfield code="t">Charles Crowe, Diário Peninsular 1812-1813 /</subfield>
            <subfield code="r">Paulo Lowndes Marques ;</subfield>
            <subfield code="t">Um olhar clínico sobre Portugal /</subfield>
            <subfield code="r">Maria Leonor Machado de Sousa ;</subfield>
            <subfield code="t">Portugal, a visão de um militar inglês :</subfield>
            <subfield code="t">George Thomas Landmann /</subfield>
            <subfield code="r">Maria Zulmira Castanheira ;</subfield>
            <subfield code="t">A primeira invasão :</subfield>
            <subfield code="t">o testemunho de James Wilmot Ormsby /</subfield>
            <subfield code="r">Isabel Oliveira Martins ;</subfield>
            <subfield code="t">John Patterson :</subfield>
            <subfield code="t">uma campanha em Portugal /</subfield>
            <subfield code="r">Ana Rita Soveral Padeira ;</subfield>
            <subfield code="t">Memórias francesas sobre a Guerra Peninsular /</subfield>
            <subfield code="r">António Ventura ;</subfield>
            <subfield code="t">A entrada do corps d'observation de la Gironde em Portugal (1807)
                :</subfield>
            <subfield code="t">análise e interpretação dos relatos do barão Thiébault,
                tenente-general Chefe do Estado-Maior /</subfield>
            <subfield code="r">José Luis Assis ;</subfield>
            <subfield code="t">Sir Nicholas Trant em Portugal :</subfield>
            <subfield code="t">imagens da vida pública e da vida privada durante a Guerra
                Peninsular /</subfield>
            <subfield code="r">Maria da Conceição Castel-Branco ;</subfield>
            <subfield code="t">Para um tipologia da memória das &quot;Invasões Francesas&quot;
                /</subfield>
            <subfield code="r">Tereza Caillaux de Almeida ;</subfield>
            <subfield code="t">A Caçada do Malhadeiro, de Quirino Simões :</subfield>
            <subfield code="t">alteridade e drama(s) freudiano(s) /</subfield>
            <subfield code="r">Mário Avelar ;</subfield>
            <subfield code="t">Representações da Guerra Peninsular :</subfield>
            <subfield code="t">do romance ao ecrã /</subfield>
            <subfield code="r">David Evans, Gabriela Gândara Teremas, Maris de Deus Duarte, Maria
                do Rosário Lupi Bello ;</subfield>
            <subfield code="t">Sinais da segunda Invasão Francesa na escultura portuguesa em
                espaço Público :</subfield>
            <subfield code="t">a sua Patimonialização /</subfield>
            <subfield code="r">Maria Cristina Moreira, Sérgio Veludo Coelho ;</subfield>
            <subfield code="t">Monumento das Linhas de Torres /</subfield>
            <subfield code="r">Justino Mendes de Almeida ;</subfield>
            <subfield code="t">A guerra nas artes :</subfield>
            <subfield code="t">elementos iconográficos e monumentos escultóricos que representam
                os heróis da Guerra Peninsular em Portugal /</subfield>
            <subfield code="r">Manuela Synek ;</subfield>
            <subfield code="t">Between history and art :</subfield>
            <subfield code="t">prints, drawings, and the interpretation of the Peninsular War
                /</subfield>
            <subfield code="r">Foteini Vlachou ;</subfield>
            <subfield code="t">A Batalha do Bussaco :</subfield>
            <subfield code="t">um retrato musical /</subfield>
            <subfield code="r">David Cranmer ;</subfield>
            <subfield code="t">Esboço de uma gastronomia saudável durante o período das Invasões
                Francesas /</subfield>
            <subfield code="r">Margarida Reffóiois ;</subfield>
            <subfield code="t">Saúde, farmacia e medicamentos no período histórico das Invasões
                Francesas /</subfield>
            <subfield code="r">Ana Leonor Pereira, João Rui Pita ;</subfield>
            <subfield code="t">Teodoro Ferreira de Aguiar, um Brasileiro na corte /</subfield>
            <subfield code="r">Carlos Vieira Reis ;</subfield>
            <subfield code="t">A intervenção medico-cirúrgica no terreno segundo Larrey,
                Cirurgião-Chefe de Napoleão /</subfield>
            <subfield code="r">Romero Bandeira, Sara Gandra, Ana Mafalda Reis ;</subfield>
            <subfield code="t">Tratamento aos feridos e doentes militares nas Campanhas Peninsulares
                :</subfield>
            <subfield code="t">1807-1808 /</subfield>
            <subfield code="r">Augusto Moutinho Borges ;</subfield>
            <subfield code="t">As invasões Napoleónicas :</subfield>
            <subfield code="t">contributo para a tiflologia /</subfield>
            <subfield code="r">Fernando Bivar Weinholtz ;</subfield>
            <subfield code="t">D. Rodrigo de Sousa Coutinho e o Exército :</subfield>
            <subfield code="t">as tentativas de reforma do Exército, no interior de um projecto
                global de reformas da sociedade portuguesa de finais do Antigo Regime /</subfield>
            <subfield code="r">Manuel Everard do Amaral ;</subfield>
            <subfield code="t">Aspectos político-militares e diplomáticos da Guerra Peninsular
                :</subfield>
            <subfield code="t">a legação portuguesa em Haia e o Império Napoleónico (1807-1810)
                /</subfield>
            <subfield code="r">Júlio Joaquim da Costa Rodrigues da Silva ;</subfield>
            <subfield code="t">Paul de Magallon d'Argens (1784-1859) :</subfield>
            <subfield code="t">de capitão do &quot;Grande Exército&quot; de Napoleão a
                restaurador da Ordem Hospitaleira de S. João de Deus em França /</subfield>
            <subfield code="r">Aires Gameiro ;</subfield>
            <subfield code="t">Admiral George Berkeley and peninsular victory, 1809-1812
                /</subfield>
            <subfield code="r">Brian De Toy ;</subfield>
            <subfield code="t">British port shipper John Croft's (1778-1862) role in the spying
                network and The Distribution /</subfield>
            <subfield code="r">Adrian Bridge ;</subfield>
            <subfield code="t">General L-H Loison :</subfield>
            <subfield code="t">the most hated Frenchman in Portugal /</subfield>
            <subfield code="r">Donald H. Barry ;</subfield>
            <subfield code="t">The French invasion of Portugal, 1810-1811 :</subfield>
            <subfield code="t">Masséna's responsibility /</subfield>
            <subfield code="r">Donald D. Horward ;</subfield>
            <subfield code="t">The French expatriates /</subfield>
            <subfield code="r">Jackson L. Sigler ;</subfield>
            <subfield code="t">Salamanca 1807-1813 :</subfield>
            <subfield code="t">ciudad ocupada y Jaque a Portugal /</subfield>
            <subfield code="r">Miguel Ángel Martín Mas ;</subfield>
            <subfield code="t">O sentido da comemoração :</subfield>
            <subfield code="t">as Invasões Francesas e o 1.o centenário /</subfield>
            <subfield code="r">Isilda Braga da Costa Monteiro, Fernanda Paula Sousa Maia
                ;</subfield>
            <subfield code="t">The Duke of Wellington's funeral as reported by my great-grandmother
                Bessie Rayner Parkes /</subfield>
            <subfield code="r">Ana Vicente ;</subfield>
            <subfield code="t">Ecos e representações da Guerra Peninsular numa revista inglesa do
                Porto /</subfield>
            <subfield code="r">João Paulo Ascenso Pereira da Silva ;</subfield>
            <subfield code="t">Women and literary history in the 19th century /</subfield>
            <subfield code="r">Patricia Anne Odber de Baubeta ;</subfield>
            <subfield code="t">A Guerra Peninsular e a economia portuguesa /</subfield>
            <subfield code="r">António Alves Caetano ;</subfield>
            <subfield code="t">A Guerra Peninsular e o mundo dos negócios :</subfield>
            <subfield code="t">o caso de João Ferreira Troca /</subfield>
            <subfield code="r">Daniel Alves ;</subfield>
            <subfield code="t">As Alfândegas no século XIX /</subfield>
            <subfield code="r">Anete Costa Ferreira ;</subfield>
            <subfield code="t">Entre ventos e marés :</subfield>
            <subfield code="t">o Portugal literário de Sané, ou de como Filinto Elísio é chamado
                a servir a causa napoleónica /</subfield>
            <subfield code="r">Maria Graciete Gomes da Silva ;</subfield>
            <subfield code="t">Portugal y España en la History of the Peninsular War (1822-1832) de
                Robert Southey (1774-1843) :</subfield>
            <subfield code="t">la redención por el heroísmo /</subfield>
            <subfield code="r">Juan Miguel Zarandona ;</subfield>
            <subfield code="t">Reflexões sobre o exército português e Portugal, no contexto da
                Guerra Peninsular, até ao desembarque dos Britânicos em Lavos, 1792-1808
                /</subfield>
            <subfield code="r">João da Rocha Pinto ;</subfield>
            <subfield code="t">Los principios contenidos en la legislación de José Bonaparte
                /</subfield>
            <subfield code="r">Remedios Morán Martín ;</subfield>
            <subfield code="t">O desempenho da Diplomacia Lusa na primeira década do século XIX
                /</subfield>
            <subfield code="r">Fernando Cabral Martins de Almeida ;</subfield>
            <subfield code="t">O &quot;caso&quot; Silvestre Pinheiro Ferreira em Berlim (1802-1809)
                /</subfield>
            <subfield code="r">Ana Maria Homem Leal de Faria ;</subfield>
            <subfield code="t">As campanhas portuguesas do Uruguay (1801-1824) /</subfield>
            <subfield code="r">Mendo Castro Henriques ;</subfield>
            <subfield code="t">Portugal et Belgique :</subfield>
            <subfield code="t">des cas analogues /</subfield>
            <subfield code="r">Dimitris Michalopoulos ;</subfield>
            <subfield code="t">Napoleon, Tilsit, Copenhagen and Portugal /</subfield>
            <subfield code="r">Peter Hicks.</subfield>
        </datafield>
        <datafield tag="546" ind1=" " ind2=" ">
            <subfield code="a">79 contributions in Portuguese; 12 in English; 1 in
                French.</subfield>
        </datafield>
        <datafield tag="650" ind1=" " ind2="0">
            <subfield code="a">Peninsular War, 1807-1814</subfield>
            <subfield code="z">Portugal</subfield>
            <subfield code="v">Congresses.</subfield>
        </datafield>
        <datafield tag="650" ind1=" " ind2="0">
            <subfield code="a">Peninsular War, 1807-1814</subfield>
            <subfield code="x">Campaigns</subfield>
            <subfield code="v">Congresses.</subfield>
        </datafield>
        <datafield tag="700" ind1="1" ind2=" ">
            <subfield code="a">Sousa, Maria Leonor Machado de,</subfield>
            <subfield code="e">editor.</subfield>
        </datafield>
        <datafield tag="852" ind1="0" ind2=" ">
            <subfield code="a">FTaSU</subfield>
            <subfield code="b">FSULC</subfield>
            <subfield code="c">GEN</subfield>
            <subfield code="h">DC231</subfield>
            <subfield code="i">.G84 2008</subfield>
            <subfield code="x">gift</subfield>
        </datafield>
        <datafield tag="866" ind1="3" ind2="1">
            <subfield code="b">FSU STROZIER LIBRARY</subfield>
            <subfield code="h">DC231</subfield>
            <subfield code="i">.G84 2008</subfield>
            <subfield code="a">v. 1-2</subfield>
        </datafield>
        <datafield tag="852" ind1="0" ind2=" ">
            <subfield code="a">FTaSU</subfield>
            <subfield code="b">FSULC</subfield>
            <subfield code="c">GEN</subfield>
            <subfield code="h">DC231</subfield>
            <subfield code="i">.G84 2008</subfield>
            <subfield code="x">gift</subfield>
        </datafield>
    </record>