
    <record>
        <leader>02216cam a2200529Ia 4500</leader>
        <controlfield tag="001">033990606</controlfield>
        <controlfield tag="005">20160120165600.0</controlfield>
        <controlfield tag="006">innnn l n </controlfield>
        <controlfield tag="007">sd bumennmpl|e</controlfield>
        <controlfield tag="008">910129s1969 fr a 000 0 fre d</controlfield>
        <datafield tag="035" ind1=" " ind2=" ">
            <subfield code="a">(OCoLC)23023345</subfield>
        </datafield>
        <datafield tag="040" ind1=" " ind2=" ">
            <subfield code="a">MEU</subfield>
            <subfield code="b">eng</subfield>
            <subfield code="c">MEU</subfield>
            <subfield code="d">OCLCQ</subfield>
            <subfield code="d">OCLCG</subfield>
            <subfield code="d">OCLCQ</subfield>
            <subfield code="d">OCLCF</subfield>
            <subfield code="d">OCLCO</subfield>
            <subfield code="d">OCLCQ</subfield>
            <subfield code="d">OCL</subfield>
            <subfield code="d">FDA</subfield>
        </datafield>
        <datafield tag="043" ind1=" " ind2=" ">
            <subfield code="a">e-fr---</subfield>
        </datafield>
        <datafield tag="049" ind1=" " ind2=" ">
            <subfield code="a">FDAA</subfield>
        </datafield>
        <datafield tag="050" ind1=" " ind2="4">
            <subfield code="a">DC203.9</subfield>
            <subfield code="b">.N36</subfield>
        </datafield>
        <datafield tag="100" ind1="0" ind2=" ">
            <subfield code="a">Napoleon</subfield>
            <subfield code="b">I,</subfield>
            <subfield code="c">Emperor of the French,</subfield>
            <subfield code="d">1769-1821</subfield>
            <subfield code="e">author.</subfield>
        </datafield>
        <datafield tag="245" ind1="1" ind2="0">
            <subfield code="a">Napoleon :</subfield>
            <subfield code="b">proclamations.</subfield>
        </datafield>
        <datafield tag="246" ind1="3" ind2=" ">
            <subfield code="a">Epopée impériale</subfield>
        </datafield>
        <datafield tag="264" ind1=" " ind2="1">
            <subfield code="a">Tours :</subfield>
            <subfield code="b">Maison Mame,</subfield>
            <subfield code="c">1969.</subfield>
        </datafield>
        <datafield tag="264" ind1=" " ind2="3">
            <subfield code="a">Tours :</subfield>
            <subfield code="b">l'Imprimerie Mame,</subfield>
            <subfield code="c">1969.</subfield>
        </datafield>
        <datafield tag="300" ind1=" " ind2=" ">
            <subfield code="a">40 unnumbered pages :</subfield>
            <subfield code="b">illustrations ;</subfield>
            <subfield code="c">32 cm +</subfield>
            <subfield code="e">1 sound disc (analog ; 33 1/3 rmp. ; 12 in.).</subfield>
        </datafield>
        <datafield tag="336" ind1=" " ind2=" ">
            <subfield code="a">text</subfield>
            <subfield code="b">txt</subfield>
            <subfield code="2">rdacontent</subfield>
            <subfield code="3">book</subfield>
        </datafield>
        <datafield tag="336" ind1=" " ind2=" ">
            <subfield code="a">spoken word</subfield>
            <subfield code="b">spw</subfield>
            <subfield code="2">rdacontent</subfield>
            <subfield code="3">sound disc</subfield>
        </datafield>
        <datafield tag="337" ind1=" " ind2=" ">
            <subfield code="a">unmediated</subfield>
            <subfield code="b">n</subfield>
            <subfield code="2">rdamedia</subfield>
            <subfield code="3">book</subfield>
        </datafield>
        <datafield tag="337" ind1=" " ind2=" ">
            <subfield code="a">audio</subfield>
            <subfield code="b">s</subfield>
            <subfield code="2">rdamedia</subfield>
            <subfield code="3">sound disc</subfield>
        </datafield>
        <datafield tag="338" ind1=" " ind2=" ">
            <subfield code="a">volume</subfield>
            <subfield code="b">nc</subfield>
            <subfield code="2">rdacarrier</subfield>
            <subfield code="3">book</subfield>
        </datafield>
        <datafield tag="338" ind1=" " ind2=" ">
            <subfield code="a">audio disc</subfield>
            <subfield code="b">sd</subfield>
            <subfield code="2">rdacarrier</subfield>
            <subfield code="3">sound disc</subfield>
        </datafield>
        <datafield tag="490" ind1="1" ind2=" ">
            <subfield code="a">Albums Sonores Mame ;</subfield>
            <subfield code="v">5</subfield>
        </datafield>
        <datafield tag="500" ind1=" " ind2=" ">
            <subfield code="a">&quot;Epopée imperiale: Textes de l'Empereùr dits par Jean de
                Faucon ; ambiance musicale Napoléonienne par plusieurs fanfares et musiques
                militaires&quot;--Sound recording label.</subfield>
        </datafield>
        <datafield tag="590" ind1=" " ind2=" ">
            <subfield code="a">FSU Special Collections copy: 415 of 1500 copies.</subfield>
            <subfield code="5">KEEPFS</subfield>
            <subfield code="5">FTaSU</subfield>
        </datafield>
        <datafield tag="600" ind1="0" ind2="0">
            <subfield code="a">Napoleon</subfield>
            <subfield code="b">I,</subfield>
            <subfield code="c">Emperor of the French,</subfield>
            <subfield code="d">1769-1821</subfield>
            <subfield code="v">Quotations.</subfield>
        </datafield>
        <datafield tag="651" ind1=" " ind2="0">
            <subfield code="a">France</subfield>
            <subfield code="x">History</subfield>
            <subfield code="y">1789-1815.</subfield>
        </datafield>
        <datafield tag="600" ind1="0" ind2="7">
            <subfield code="a">Napoleon</subfield>
            <subfield code="b">I,</subfield>
            <subfield code="c">Emperor of the French,</subfield>
            <subfield code="d">1769-1821</subfield>
            <subfield code="2">fast</subfield>
            <subfield code="0">(OCoLC)fst00035482</subfield>
        </datafield>
        <datafield tag="651" ind1=" " ind2="7">
            <subfield code="a">France.</subfield>
            <subfield code="2">fast</subfield>
            <subfield code="0">(OCoLC)fst01204289</subfield>
        </datafield>
        <datafield tag="648" ind1=" " ind2="7">
            <subfield code="a">1789 - 1815</subfield>
            <subfield code="2">fast</subfield>
        </datafield>
        <datafield tag="655" ind1=" " ind2="7">
            <subfield code="a">History</subfield>
            <subfield code="2">fast</subfield>
            <subfield code="0">(OCoLC)fst01411628</subfield>
        </datafield>
        <datafield tag="655" ind1=" " ind2="7">
            <subfield code="a">Quotations.</subfield>
            <subfield code="2">fast</subfield>
            <subfield code="0">(OCoLC)fst01423792</subfield>
        </datafield>
        <datafield tag="655" ind1=" " ind2="7">
            <subfield code="a">Quotations.</subfield>
            <subfield code="2">rbgenr</subfield>
        </datafield>
        <datafield tag="700" ind1="1" ind2=" ">
            <subfield code="a">Faucon, Jean de,</subfield>
            <subfield code="e">narrator.</subfield>
        </datafield>
        <datafield tag="710" ind1="2" ind2=" ">
            <subfield code="a">Mame (Firm),</subfield>
            <subfield code="e">publisher.</subfield>
        </datafield>
        <datafield tag="710" ind1="2" ind2=" ">
            <subfield code="a">Mame (Firm),</subfield>
            <subfield code="e">printer.</subfield>
        </datafield>
        <datafield tag="751" ind1=" " ind2=" ">
            <subfield code="a">Tours (France)</subfield>
            <subfield code="0">(DLC)n 80117452</subfield>
            <subfield code="2">naf</subfield>
            <subfield code="4">pbl</subfield>
        </datafield>
        <datafield tag="751" ind1=" " ind2=" ">
            <subfield code="a">Tours (France)</subfield>
            <subfield code="0">(DLC)n 80117452</subfield>
            <subfield code="2">naf</subfield>
            <subfield code="4">prt</subfield>
        </datafield>
        <datafield tag="752" ind1=" " ind2=" ">
            <subfield code="a">France</subfield>
            <subfield code="b">Touraine</subfield>
            <subfield code="d">Tours</subfield>
            <subfield code="2">naf</subfield>
        </datafield>
        <datafield tag="830" ind1=" " ind2="0">
            <subfield code="a">Albums Sonores Mame ;</subfield>
            <subfield code="v">5.</subfield>
        </datafield>
        <datafield tag="852" ind1="0" ind2=" ">
            <subfield code="a">FTaSU</subfield>
            <subfield code="b">FSUSP</subfield>
            <subfield code="c">NAPO</subfield>
            <subfield code="h">DC203.9</subfield>
            <subfield code="i">.N36 1969</subfield>
        </datafield>
        <datafield tag="852" ind1="0" ind2=" ">
            <subfield code="a">FTaSU</subfield>
            <subfield code="b">FSUSP</subfield>
            <subfield code="c">NAPO</subfield>
            <subfield code="h">DC203.9</subfield>
            <subfield code="i">.N36 1969</subfield>
        </datafield>
    </record>