
    <record>
        <leader>01516ctm a2200433Ii 4500</leader>
        <controlfield tag="001">034689217</controlfield>
        <controlfield tag="005">20161209094737.0</controlfield>
        <controlfield tag="008">770208t19701970enkabc 000 0 eng d</controlfield>
        <datafield tag="015" ind1=" " ind2=" ">
            <subfield code="a">GB70-20065</subfield>
        </datafield>
        <datafield tag="015" ind1=" " ind2=" ">
            <subfield code="a">B7020065</subfield>
        </datafield>
        <datafield tag="016" ind1="7" ind2=" ">
            <subfield code="a">000877167</subfield>
            <subfield code="2">Uk</subfield>
        </datafield>
        <datafield tag="019" ind1=" " ind2=" ">
            <subfield code="a">59850442</subfield>
            <subfield code="a">671468362</subfield>
            <subfield code="a">877801808</subfield>
        </datafield>
        <datafield tag="020" ind1=" " ind2=" ">
            <subfield code="a">0330026011</subfield>
        </datafield>
        <datafield tag="020" ind1=" " ind2=" ">
            <subfield code="a">9780330026017</subfield>
        </datafield>
        <datafield tag="035" ind1=" " ind2=" ">
            <subfield code="a">(OCoLC)02725390</subfield>
        </datafield>
        <datafield tag="040" ind1=" " ind2=" ">
            <subfield code="a">YAH</subfield>
            <subfield code="b">eng</subfield>
            <subfield code="c">YAH</subfield>
            <subfield code="d">UKM</subfield>
            <subfield code="d">OCLCQ</subfield>
            <subfield code="d">UKMGB</subfield>
            <subfield code="d">OCLCF</subfield>
            <subfield code="d">NLE</subfield>
            <subfield code="d">OCLCO</subfield>
            <subfield code="d">OCLCQ</subfield>
            <subfield code="d">MUQ</subfield>
            <subfield code="d">OCL</subfield>
            <subfield code="d">FDA</subfield>
        </datafield>
        <datafield tag="049" ind1=" " ind2=" ">
            <subfield code="a">FDAA</subfield>
        </datafield>
        <datafield tag="050" ind1="0" ind2="4">
            <subfield code="a">DC243</subfield>
            <subfield code="b">.D39 1970</subfield>
        </datafield>
        <datafield tag="082" ind1="0" ind2="4">
            <subfield code="a">940.2/7</subfield>
            <subfield code="2">18</subfield>
        </datafield>
        <datafield tag="100" ind1="1" ind2=" ">
            <subfield code="a">Davies, Paul,</subfield>
            <subfield code="e">author.</subfield>
        </datafield>
        <datafield tag="245" ind1="1" ind2="4">
            <subfield code="a">The field of Waterloo /</subfield>
            <subfield code="c">Paul Davies.</subfield>
        </datafield>
        <datafield tag="264" ind1=" " ind2="1">
            <subfield code="a">London :</subfield>
            <subfield code="b">Pan Books Ltd,</subfield>
            <subfield code="c">1970.</subfield>
        </datafield>
        <datafield tag="264" ind1=" " ind2="4">
            <subfield code="c">©1970.</subfield>
        </datafield>
        <datafield tag="300" ind1=" " ind2=" ">
            <subfield code="a">48 pages :</subfield>
            <subfield code="b">illustrations (some color), maps, portraits ;</subfield>
            <subfield code="c">18 x 23 cm</subfield>
        </datafield>
        <datafield tag="336" ind1=" " ind2=" ">
            <subfield code="a">text</subfield>
            <subfield code="b">txt</subfield>
            <subfield code="2">rdacontent</subfield>
        </datafield>
        <datafield tag="337" ind1=" " ind2=" ">
            <subfield code="a">unmediated</subfield>
            <subfield code="b">n</subfield>
            <subfield code="2">rdamedia</subfield>
        </datafield>
        <datafield tag="338" ind1=" " ind2=" ">
            <subfield code="a">volume</subfield>
            <subfield code="b">nc</subfield>
            <subfield code="2">rdacarrier</subfield>
        </datafield>
        <datafield tag="500" ind1=" " ind2=" ">
            <subfield code="a">&quot;A Pan original.&quot;</subfield>
        </datafield>
        <datafield tag="500" ind1=" " ind2=" ">
            <subfield code="a">A companion to the Dino de Laurentiis film, Waterloo.</subfield>
        </datafield>
        <datafield tag="650" ind1=" " ind2="0">
            <subfield code="a">Waterloo, Battle of, Waterloo, Belgium, 1815.</subfield>
        </datafield>
        <datafield tag="611" ind1="0" ind2="7">
            <subfield code="a">Waterloo, Battle of (Belgium : 1815)</subfield>
            <subfield code="2">fast</subfield>
            <subfield code="0">(OCoLC)fst01172689</subfield>
        </datafield>
        <datafield tag="651" ind1=" " ind2="7">
            <subfield code="a">Belgium</subfield>
            <subfield code="z">Waterloo.</subfield>
            <subfield code="2">fast</subfield>
            <subfield code="0">(OCoLC)fst01213328</subfield>
        </datafield>
        <datafield tag="650" ind1=" " ind2="6">
            <subfield code="a">Waterloo, Bataille de, 1815.</subfield>
        </datafield>
        <datafield tag="648" ind1=" " ind2="7">
            <subfield code="a">1815</subfield>
            <subfield code="2">fast</subfield>
        </datafield>
        <datafield tag="730" ind1="0" ind2=" ">
            <subfield code="a">Pan books,</subfield>
            <subfield code="e">publisher.</subfield>
        </datafield>
        <datafield tag="751" ind1=" " ind2=" ">
            <subfield code="a">London (England)</subfield>
            <subfield code="0">(DLC)n79005665</subfield>
            <subfield code="2">naf</subfield>
            <subfield code="4">pbl</subfield>
        </datafield>
        <datafield tag="752" ind1=" " ind2=" ">
            <subfield code="a">United States</subfield>
            <subfield code="b">England</subfield>
            <subfield code="d">London.</subfield>
        </datafield>
        <datafield tag="852" ind1="0" ind2=" ">
            <subfield code="h">DC243</subfield>
            <subfield code="i">.D39 1970</subfield>
            <subfield code="a">FTaSU</subfield>
            <subfield code="b">FSUSP</subfield>
            <subfield code="c">NAP</subfield>
        </datafield>
        <datafield tag="852" ind1="0" ind2=" ">
            <subfield code="h">DC243</subfield>
            <subfield code="i">.D39 1970</subfield>
            <subfield code="a">FTaSU</subfield>
            <subfield code="b">FSUSP</subfield>
            <subfield code="c">NAP</subfield>
        </datafield>
    </record>