
    <record>
        <leader>01597cam a2200445Ia 4500</leader>
        <controlfield tag="001">035916214</controlfield>
        <controlfield tag="005">20180405162014.0</controlfield>
        <controlfield tag="008">940516r19921832enkb 000 0 eng d</controlfield>
        <datafield tag="019" ind1=" " ind2=" ">
            <subfield code="a">30469421</subfield>
        </datafield>
        <datafield tag="020" ind1=" " ind2=" ">
            <subfield code="a">0094716803</subfield>
            <subfield code="q">(v. 1)</subfield>
        </datafield>
        <datafield tag="020" ind1=" " ind2=" ">
            <subfield code="a">9780094716803</subfield>
            <subfield code="q">(v. 1)</subfield>
        </datafield>
        <datafield tag="020" ind1=" " ind2=" ">
            <subfield code="a">0094716900</subfield>
            <subfield code="q">(v. 2)</subfield>
        </datafield>
        <datafield tag="020" ind1=" " ind2=" ">
            <subfield code="a">9780094716902</subfield>
            <subfield code="q">(v. 2)</subfield>
        </datafield>
        <datafield tag="020" ind1=" " ind2=" ">
            <subfield code="a">0094718601</subfield>
            <subfield code="q">(v. 3)</subfield>
        </datafield>
        <datafield tag="020" ind1=" " ind2=" ">
            <subfield code="a">9780094718609</subfield>
            <subfield code="q">(v. 3)</subfield>
        </datafield>
        <datafield tag="020" ind1=" " ind2=" ">
            <subfield code="a">0094718709</subfield>
            <subfield code="q">(v. 4)</subfield>
        </datafield>
        <datafield tag="020" ind1=" " ind2=" ">
            <subfield code="a">9780094718708</subfield>
            <subfield code="q">(v. 4)</subfield>
        </datafield>
        <datafield tag="020" ind1=" " ind2=" ">
            <subfield code="a">0094718806</subfield>
            <subfield code="q">(v. 5)</subfield>
        </datafield>
        <datafield tag="020" ind1=" " ind2=" ">
            <subfield code="a">9780094718807</subfield>
            <subfield code="q">(v. 5)</subfield>
        </datafield>
        <datafield tag="020" ind1=" " ind2=" ">
            <subfield code="a">0094718903</subfield>
            <subfield code="q">(v. 6)</subfield>
        </datafield>
        <datafield tag="020" ind1=" " ind2=" ">
            <subfield code="a">9780094718906</subfield>
            <subfield code="q">(v. 6)</subfield>
        </datafield>
        <datafield tag="035" ind1=" " ind2=" ">
            <subfield code="a">(OCoLC)30441564</subfield>
        </datafield>
        <datafield tag="040" ind1=" " ind2=" ">
            <subfield code="a">GZQ</subfield>
            <subfield code="b">eng</subfield>
            <subfield code="c">GZQ</subfield>
            <subfield code="d">OCLCG</subfield>
            <subfield code="d">YDXCP</subfield>
            <subfield code="d">OCLCA</subfield>
            <subfield code="d">OCLCF</subfield>
            <subfield code="d">OCLCQ</subfield>
            <subfield code="d">OCLCO</subfield>
            <subfield code="d">OCL</subfield>
            <subfield code="d">FDA</subfield>
        </datafield>
        <datafield tag="049" ind1=" " ind2=" ">
            <subfield code="a">FDAA</subfield>
        </datafield>
        <datafield tag="050" ind1=" " ind2="4">
            <subfield code="a">DC231</subfield>
            <subfield code="b">.N2 1992</subfield>
        </datafield>
        <datafield tag="082" ind1="1" ind2="4">
            <subfield code="a">940.2</subfield>
            <subfield code="2">12</subfield>
        </datafield>
        <datafield tag="100" ind1="1" ind2=" ">
            <subfield code="a">Napier, William Francis Patrick,</subfield>
            <subfield code="d">1785-1860.</subfield>
        </datafield>
        <datafield tag="245" ind1="1" ind2="0">
            <subfield code="a">History of the war in the peninsula and in the south of France from
                the year 1807 to the year 1814 /</subfield>
            <subfield code="c">by W.F.P. Napier.</subfield>
        </datafield>
        <datafield tag="260" ind1=" " ind2=" ">
            <subfield code="a">London :</subfield>
            <subfield code="b">Constable,</subfield>
            <subfield code="c">1992-1993.</subfield>
        </datafield>
        <datafield tag="300" ind1=" " ind2=" ">
            <subfield code="a">6 volumes :</subfield>
            <subfield code="b">maps ;</subfield>
            <subfield code="c">23 cm</subfield>
        </datafield>
        <datafield tag="336" ind1=" " ind2=" ">
            <subfield code="a">text</subfield>
            <subfield code="b">txt</subfield>
            <subfield code="2">rdacontent</subfield>
        </datafield>
        <datafield tag="337" ind1=" " ind2=" ">
            <subfield code="a">unmediated</subfield>
            <subfield code="b">n</subfield>
            <subfield code="2">rdamedia</subfield>
        </datafield>
        <datafield tag="338" ind1=" " ind2=" ">
            <subfield code="a">volume</subfield>
            <subfield code="b">nc</subfield>
            <subfield code="2">rdacarrier</subfield>
        </datafield>
        <datafield tag="500" ind1=" " ind2=" ">
            <subfield code="a">Originally published: London : Thomas and William Boone,
                1832-1840.</subfield>
        </datafield>
        <datafield tag="650" ind1=" " ind2="0">
            <subfield code="a">Peninsular War, 1807-1814.</subfield>
        </datafield>
        <datafield tag="611" ind1="2" ind2="7">
            <subfield code="a">Peninsular War (1807-1814)</subfield>
            <subfield code="2">fast</subfield>
            <subfield code="0">(OCoLC)fst01056924</subfield>
        </datafield>
        <datafield tag="648" ind1=" " ind2="7">
            <subfield code="a">1807-1814</subfield>
            <subfield code="2">fast</subfield>
        </datafield>
        <datafield tag="852" ind1="0" ind2=" ">
            <subfield code="a">FTaSU</subfield>
            <subfield code="b">FSULC</subfield>
            <subfield code="c">GEN</subfield>
            <subfield code="h">DC231</subfield>
            <subfield code="i">.N2 1992</subfield>
            <subfield code="x">gift</subfield>
        </datafield>
        <datafield tag="866" ind1="3" ind2="1">
            <subfield code="b">FSU STROZIER LIBRARY</subfield>
            <subfield code="h">DC231</subfield>
            <subfield code="i">.N2 1992</subfield>
            <subfield code="a">v.1-v.6</subfield>
        </datafield>
        <datafield tag="852" ind1="0" ind2=" ">
            <subfield code="a">FTaSU</subfield>
            <subfield code="b">FSULC</subfield>
            <subfield code="c">GEN</subfield>
            <subfield code="h">DC231</subfield>
            <subfield code="i">.N2 1992</subfield>
            <subfield code="x">gift</subfield>
        </datafield>
    </record>
</collection>
